3825 4800
673 371 858 452 LIB.
903 367 964 447 1.
1023 364 1255 446 CAP.
1305 365 1436 444 111.
1513 365 1650 446 DE
1703 367 1935 449 EIVS
1990 367 2395 450 PVERIT.
2444 371 2591 452 ET
2636 371 3100 457 EDVCAT.
3148 401 3263 477 733

553 549 722 640 tolo
751 559 860 636 M.
893 549 1076 632 teste
1106 549 1400 630 maore
1429 551 1620 631 vitae
1648 555 1802 632 eius
1823 609 1846 649 ‚
1877 557 1953 650 c)
1998 555 2145 632 iam
2170 557 2339 634 bene
2365 557 2767 662 equitaret,
2818 582 3056 662 quum
3082 557 3256 638 effet

545 663 828 769 septem
861 676 1222 738 annorum
1257 658 1466 760 p'uer.
1561 657 1914 752 Eamdem
1960 683 2139 762 ergo
2176 660 2534 737 rationem
2566 663 2645 738 in
2668 659 3054 740 educando
3093 661 3252 739 filio

545 759 1070 872 proculdubio
1110 755 1463 860 sequutus
1497 759 1604 834 est
1633 759 2065 838 Ludouicus
2094 761 2303 855 Pius,
2331 760 2563 864 idque
2592 786 2751 840 non
2787 762 2937 840 vllo
2964 765 3107 842 alio
3140 789 3252 842 ar·
3308 809 3315 812 -

545 885 908 976 gumento
938 859 1376 940 luculentius
1409 861 1656 966 potest
1691 862 2206 957 demonstrari,
2240 887 2461 966 quam
2494 864 2707 966 quod
2744 865 2825 942 in
2852 863 3106 945 litteris
3134 891 3251 944 ae·
3346 879 3363 887 ’

545 996 701 1076 que
727 1023 750 1060 ,
797 991 880 1042 ac
903 960 1204 1066 reliquis
1233 966 1432 1070 pacis
1463 962 1782 1066 bellique
1809 965 2115 1058 artibu5‚
2166 966 2275 1042 vti
2300 965 2561 1082 paullo
2586 967 2760 1071 post
2792 968 2928 1044 erit
2956 967 3251 1046 dicendi

545 1075 756 1169 locu}
770 1125 793 1163 ‚
825 1067 1014 1146 adeo
1049 1064 1302 1170 postea
1328 1065 1709 1160 excelluit,
1747 1089 1832 1144 vt
1861 1091 2071 1172 pares
2104 1065 2565 1173 paumffimos
2583 1123 2607 1164 ‚
2632 1072 3005 1148 neminem
3036 1069 3251 1177 supe-

541 1179 811 1256 riorem
897 1195 978 1248 er
1007 1191 1312 1248 omnem
1339 1171 1562 1251 vitam
1591 1169 1912 1247 haberet.
2543 1181 2551 1186 ’

800 1275 833 1353 1
877 1331 894 1350 .
942 1275 1038 1352 Et
1077 1267 1242 1346 sane
1280 1270 1370 1348 ad
1410 1269 1606 1348 illam
1649 1269 1728 1348 in
1771 1271 2045 1374 quouis
2090 1269 2351 1348 artium
2394 1295 2661 1388 genere
2688 1267 3097 1364 scientiam,
3150 1295 3247 1348 eo

439 1435 448 1440 -
545 1378 824 1458 facilius
853 1373 978 1452 fibi
1013 1376 1204 1450 viam
1244 1372 1666 1476 expediuit,
1716 1397 1874 1478 quo
1916 1372 2350 1478 praeclarior
2392 1399 2471 1450 m
2518 1399 2613 1450 eo
2650 1372 2937 1451 indoles
2971 1374 3061 1451 ab
3094 1371 3282 1477 ipfin-

541 1481 840 1562 infantia
871 1478 1158 1555 enituit.
1255 1477 1429 1553 Erat
1455 1476 1655 1552 enim
1697 1477 1775 1554 in
1801 1500 1896 1553 eo
1925 1474 2167 1554 adhuc
2210 1499 2449 1581 puero
2540 1475 2871 1552 rudentia
2982 1475 3249 1554 auitas-

539 1609 692 1688 que
725 1579 960 1660 senilis
979 1635 1002 1676 ,
1054 1601 1186 1684 par
1223 1577 1468 1654 tentae
1514 1575 1852 1656 fortunae
1889 1579 2172 1656 animus
2190 1632 2214 1672 ,
2258 1577 2636 1680 ingemum
2686 1576 3247 1680 capaciffimum,

537 1683 736 1764 et‘ad
769 1683 1069 1790 quaeuis
1083 1737 1108 1778 ‚
1143 1703 1332 1782 quae
1362 1701 1658 1784 ternpus
1688 1681 1979 1784 exigere
2010 1679 2421 1772 videretur,
2468 1679 2895 1784 reperienda
2923 1706 2959 1756 a
2986 1703 3245 1758 natura

537 1781 833 1868 faaum.
1013 1809 1145 1862 uae
1191 1781 1435 1858 omnia
1466 1783 1813 1886 exemplo
1853 1783 2160 1860 notabili
2190 1782 2570 1860 illustrauit
2612 1785 3015 1860 MONAcnv's
3062 1808 3243 1860 SAN-

523 1913 964 1982 ,GALLENsm
1059 1894 1092 1986 )
1143 1881 1352 1988 quod
1395 1885 1552 1962 eius
1595 1885 1836 1964 verbis
1883 1883 2287 1962 describere
2311 1884 2720 1988 paucisque
2759 1904 2900 1988 pro
2928 1883 3243 1964 instituti

538 1995 821 2072 ratione
851 1988 1200 2067 illustrare
1229 1987 1544 2090 iuuabit:
1587 1987 1883 2092 thuia
1906 1984 2113 2086 itast
2147 1987 2405 2064 obtulit
2439 1985 2687 2082 occafio
2702 2040 2725 2079 ‚
2767 2007 2853 2063 vt
2876 1986 2963 2063 de
2986 1985 3237 2065 indici·

540 2094 671 2178 bili
695 2117 916 2198 patre
937 2089 1166 2189 vestro
1191 2091 1539 2168 incideret
1555 2087 1959 2166 honoranda
1989 2089 2247 2164 mentio
2260 2142 2283 2181 ,
2332 2084 2508 2165 libet
2539 2113 3081 2166 commemorare
3092 2087 3241 2166 elo-
3278 2089 3285 2092 ’

529 2203 760 2305 giam,
791 2195 992 2302 quod¹
1001 2193 1088 2271 de
1121 2194 1232 2270 illo
1243 2187 1824 2294 sapienttffimum
1856 2187 2120 2294 constat
2136 2182 2509 2290 protultffl
2535 2213 2884 2266 xARoLvm
2910 2217 2991 2268 M.
3039 2189 3235 2267 Nam

538 2328 762 2411 quum
792 2319 1010 2376 natus
1043 2317 1118 2372 et
1153 2297 1264 2372 VI.
1299 2293 1508 2370 annis
1559 2294 1650 2370 in·
1664 2291 1858 2370 domo
1889 2291 2139 2394 patris
2178 2291 2580 2388 cautiffi‘meL
2598 2289 2925 2369 nutritus
2944 2345 2969 2384 ,
3019 2313 3235 2368 smm-

533 2426 867 2484 omnus
911 2397 1301 2477 hominibus
1329 2418 1754 2474 SAPOENTloR
1787 2391 1965 2479 haut
1989 2391 2347 2472 immerito
2368 2392 2781 2473 videretur:
2822 2393 3109 2495 genitor
3123 2393 3237 2471 in-

537 2500 1094 2609 dulgentiffl'mus
1105 2556 1130 2595 ‚
1165 2502 1297 2605 qui
1324 2497 1448 2575 hoc
1481 2500 1610 2575 vix
1641 2522 1861 2599 aegre
1891 2493 2321 2598 exspeffaret
2332 2551 2356 2591 ,
2394 2518 2483 2575 vt
2528 2495 2632 2573 ad
2659 2496 3079 2599 conspeHum
3106 2495 3234 2573 aui

535 2636 693 2704 eum
709 2606 1104 2710 perducere
1126 2596 1454 2705 potutffit
1466 2656 1488 2695 ,
1518 2598 1889 2699 adstaemens
1899 2619 2211 2699 puerum
2222 2652 2247 2693 ‚
2276 2624 2324 2675 a
2346 2619 2583 2677 matre
2610 2594 3085 2693 delicatifflme
3112 2624 3242 2677 cu·-

533 2733 782 2790 ratum
793 2764 816 2801 ‚
855 2706 1080 2807 coepit
1105 2702 1454 2800 instruere
1466 2758 1490 2797 ,
1517 2730 1738 2806 quam
1751 2698 1951 2799 ftrie
1966 2740 2009 2795 ‚·
2030 2700 2159 2778 vel
2176 2726 2399 2803 quam
2427 2700 2769 2779 timorate
2798 2720 2971 2780 ante
2996 2704 3241 2801 Impe-.

535 2834 852 2892 ratorem
875 2807 961 2909 ft
987 2826 1204 2907 agere
1220 2859 1245 2898 ‚
1267 2800 1614 2905 autfhrte
1651 2806 2132 2901 interrogatus
2174 2803 2241 2877 ei
2284 2799 2699 2903 respondere
2720 2857 2744 2896 ‚
2808 2826 2934 2879 nec
2970 2828 3105 2879 non
3150 2822 3227 2877 et

513 2912 657 3015 fibi
683 2910 965 3017 defferre
1009 2909 1292 2987 deberet
1307 2932 1337 2982 .·
1399 2928 1478 2983 et
1498 2904 1607 3003 fic
1649 2931 1812 2995 eum
1849 2904 1956 2980 ad
2032 2902 2339 3002 alatium
2365 2904 2734 3003 produxit.
2831 2906 3229 3008 Quinque

519 3016 768 3121 prima
801 3013 914 3095 die
941 3005 1379 3111 velftcisnda
1405 3005 1600 3085 inter
1617 3006 1935 3109 reliquos
1944 2922 2261 3102 fiatores
2286 3028 2445 3079 eum
2478 3006 2877 3106 Imperator
2908 3002 3250 3101 curiofioe-

529 3119 732 3197 ribus
762 3113 980 3193 ocutis
1009 3114 1457 3190 intueretur:
1499 3109 1691 3189 dixit
1710 3106 2117 3208 adfilium:
2148 3104 2367 3182 Cuius
2387 3102 2487 3203 est
2514 3106 2631 3183 ille
2644 3106 3052 3209 puerulus?
3095 3108 3225 3183 Illo

532 3218 986 3322 respondente
999 3240 1034 3307 ·’,
1074 3214 1250 3319 quia
1275 3237 1476 3289 meus
1509 3234 1583 3289 et
1606 3207 1867 3307 vester,
1875 3206 1959 3307 fi
1974 3206 2406 3308 dignamini:
2439 3202 2845 3309 postulabat
2884 3232 3085 3300 eum,
3115 3206 3227 3285 di„

530 3348 694 3400 cens
786 3320 912 3397 Da
939 3318 1136 3394 illum
1164 3310 1360 3392 mihi.
1457 3313 1682 3423 Qod
1709 3336 1939 3416 quum
1960 3308 2241 3410 fadum
2278 3307 2439 3411 eſjet
2449 3362 2473 3404 ‚
2518 3308 2992 3407 deoftulatum
3017 3307 3223 3409 sere-

529 3422 838 3517 m'fflmus
861 3414 1221 3519 Augustus
1234 3412 1590 3517 pufi'onem
1617 3410 2018 3510 remtfitad
2020 3408 2400 3507 stationem
2419 3410 2820 3513 pristinam.
2890 3414 3027 3489 Ille
3061 3437 3225 3487 moa·

525 3527 952 3627 dignitatem
961 3518 1175 3621 fitam
1209 3516 1610 3619 cogmstens
1622 3572 1646 3611 ,
1687 3537 1761 3592 et
1789 3513 2121 3618 cuiquam
2142 3508 2293 3613 post
2337 3514 2849 3614 Imperatorem
2864 3510 3223 3611 ficundus

523 3647 899 3705 remanere
919 3620 1286 3725 dispiciens
1301 3672 1324 3711 ,
1360 3620 1648 3697 colleHis
1675 3615 1935 3693 animis
1949 3668 1973 3709 ,
2006 3635 2079 3690 et
2101 3614 2438 3691 membris
2459 3613 2991 3717 compostttffime
3022 3615 3222 3691 collo-

520 3728 704 3805 catis
729 3754 816 3806 ae
869 3746 1034 3805 uato
1049 3719 1294 3824 gradu
1311 3716 1522 3817 stetit
1539 3721 1761 3798 -iuxta
1791 3729 2088 3820 patrem
2113 3714 2353 3816 ficum.
2452 3718 2675 3823 Qod
2696 3710 3218 3821 prouidentiffl'-

515 3856 680 3908 mus
703 3830 808 3909 ad
815 3828 1106 3930 pedam
1137 3846 1468 3903 KAROLVS
1480 3834 1504 3917 ',
1543 3842 1788 3905 vocato
1814 3820 1921 3899 ad
1915 3816 2004 3920 st·
2010 3820 2178 3923 filio
2210 3840 2641 3898 mvnovxco
2670 3818 3043 3934 praecepit
3059 3872 3085 3913 ‚
3130 3837 3219 3893 vt

912 3946 925 3951 “
2664 3972 2674 3979 -
2756 3960 2763 3971 ·
2805 3968 2818 3981 ·
2993 3942 3227 3999 mter-

671 4140 734 4219 c)
783 4136 949 4210 Ibid.
975 4153 1046 4231 p.
1071 4158 1212 4227 341.
1292 4150 1298 4153 ’

665 4240 740 4331 d)
778 4242 920 4315 Vit-
949 4242 1168 4313 Caroli
1195 4238 1298 4313 M.
1323 4232 1466 4308 Lib.
1485 4236 1569 4309 11.
1593 4236 1754 4329 Cap.
1788 4232 2233 4423 vnsszpssg'i
