3825 4800
666 400 793 474 170
986 362 1500 453 msa-om
1546 328 2220 464 Emer-oiim,
2266 364 2415 449 ET
2459 346 2848 447 Emori
2873 366 3146 449 muz·

761 561 800 587 ³
1908 552 1981 649 5.
2073 550 2137 629 1.

668 697 826 974 S
853 740 965 821 Ed
994 742 1167 819 iam
1222 734 1529 815 demum
1580 732 1673 811 ad
1714 756 2047 811 amca-vm
2094 756 2270 811 vere
2331 755 2760 813 amr-mvn
2817 732 3166 912 plmgrodi
3242 754 3370 837 ur,

874 841 953 920 id
980 842 1120 932 est,
1168 833 1260 914 ad
1287 836 1465 930 tale,
1512 833 1721 937 quod
1752 833 1928 910 ideo
1955 833 2378 926 conditum,
2429 856 2514 910 vt
2539 832 2621 909 in
2635 832 2806 908 foro
2899 858 3173 913 omano
3215 860 3376 911 em·-

873 966 1014 1046 per
1034 942 1116 1017 in
1142 935 1275 1014 vsu
1314 934 1543 1029 foret,
1594 946 1843 1036 neque
1888 932 1978 1010 ab
2011 932 2164 1009 vllo
2203 930 2460 1009 futuro
2499 936 2838 1010 Praetore
2877 958 3206 1035 vnquam
3249 931 3367 1011 vel

662 1020 3368 1237 Essffiztvsskssxssi'ssssssdssuffissmsszfiufflssipffiffl‘ffiwpmtffiss

722 1242 1007 1321 rodiiffe
1046 1239 1338 1343 putauit
1374 1234 1659 1314 Paullus
1700 1188 2077 1313 Dia'conus
2118 1229 2299 1331 Htst.
2339 1230 2634 1334 Miftell.
2671 1159 3197 1313 mulmpiiuqx'ieus
3223 1233 3361 1313 Di-

721 1344 797 1419 'o
838 1343 1120 1420 Iuliano
1140 1393 1164 1435 ‚
1238 1337 1707 1441 Imperatori,
1770 1336 1892 1410 cui
1935 1356 2032 1409 ex
2083 1353 2440 1436 corrupto
2475 1332 2650 1410 1000
2691 1334 2974 1411 Aurelii
3029 1333 3356 1412 Vicioris

637 1445 831 1544 Cap.
872 1443 1063 1517 XIX.
1116 1462 1278 1517 eam
1316 1436 1607 1513 laudem
1639 1434 1974 1513 tribuunt·
2005 1433 2248 1511 Garro
2295 1432 2404 1510 ad
2435 1434 2490 1512 l.
2532 1460 2593 1509 2.
2631 1434 2700 1529 §.
2729 1432 2866 1511 vlt.
2911 1436 3010 1519 D.
3052 1434 3140 1513 de
3179 1432 3355 1534 orig.

662 1544 807 1622 ίαν.
854 1564 936 1617 et
960 1540 1076 1615 vir
1112 1560 1415 1641 magnus
1432 1588 1455 1630 ,
1504 1536 1739 1637 Hugo
1768 1534 2084 1613 Grotius
2113 1534 2194 1610 in
2221 1534 2510 1613 Florum
2535 1532 3201 1648 Sparfionibusp.87.
3229 1558 3354 1611 ve-

656 1665 829 1723 rum
859 1638 1237 1717 Hadriano
1250 1691 1279 1744 ².
1324 1636 1698 1738 ambiguae
1730 1634 2044 1741 quidem
2085 1632 2318 1711 famae
2362 1632 2678 1737 prinmpi
2692 1686 2716 1727 ‚
2779 1632 2906 1711 sed
2933 1635 3215 1714 ‚artium
3250 1654 3356 1711 ta-

658 1763 839 1821 men
862 1740 1240 1831 omnium,
1282 1740 1295 1749 ’
1339 1759 1473 1813 uae
1512 1758 1769 1839 pacem
1810 1754 2110 1827 ornant,
2159 1732 2690 1811 studiofiffimo.
2804 1736 3016 1813 Huic
3059 1736 3256 1811 enim
3291 1733 3356 1811 i-

610 1880 623 1887 ·
652 1840 823 1919 stud
852 1836 1173 1916 celicium
1200 1838 1293 1913 tri
1344 1858 1535 1913 uunt
1554 1858 1711 1911 non
1736 1833 1972 1912 modo
1997 1832 2307 1949 Eutrop.
2333 1836 2526 1929 VIII,
2543 1862 2616 1927 9.
2661 1830 2786 1911 sed
2817 1858 2894 1911 et
2919 1834 3354 1913 Iustinianus

654 1944 849 2045 Imp.
876 1962 1203 2042 quorum
1246 1935 1659 2014 testimonia
1686 1932 2078 2051 superioris
2107 1934 2218 2012 Ca
2271 1933 2394 2010 itis
2433 1935 2884 2039 paragrapho
2923 1934 3189 2013 vltimo
3223 1933 3350 2011 ad-

652 2044 793 2123 lata
817 2042 943 2121 hic
968 2063 1127 2117 non
1158 2038 1256 2116 de
1278 2060 1489 2115 nouo
1514 2034 2004 2113 adscribnnus.
2100 2036 2177 2111 A
2227 2032 2470 2111 dimus
2503 2037 2755 2139 potius
2769 2035 2915 2113 iam
2943 2036 3074 2112 alia
3101 2032 3352 2139 inipso

508 2173 518 2183 ¹
653 2146 814 2223 iure
856 2142 1111 2222 nostro
1168 2136 1421 2244 paffim
1450 2136 1693 2215 obuia.
1785 2139 1894 2212 Im
1941 2135 2026 2211 in
2073 2136 2125 2212 l.
2172 2160 2243 2228 7.
2291 2136 2366 2213 C.
2385 2175 2390 2184 ·
2407 2134 2494 2213 de
2542 2136 2748 2214 incol.
2845 2134 3346 2221 Diocletianus

650 2266 733 2323 et
760 2242 1249 2321 Maximianus
1294 2240 1467 2317 ΑΑ.
1548 2239 1773 2353 cita-nt
1822 2255 2066 2313 mvvm
2085 2259 2554 2350 ‘nammuvm
2601 2237 2678 2311 in
2724 2236 2956 2339 Edido
2973 2234 3110 2337 suo
3121 2290 3174 2337 ‚2
3219 2234 3348 2315 vbi

648 2340 1379 2540 {ssssffilffffsssszess
1400 2336 1840 2532 ῗέἓὲοθέἳῖ
1850 2332 3180 2551 1f¹i¹31¹39¹s5051333⁰312⁶293ffl¹0¹3520
3200 2334 3346 2515 ⁸23

648 2565 924 2622 EDICTO
968 2562 1359 2616 PRAEToms
1390 2534 1811 2635 stspluendo
1820 2535 1974 2634 fint
1988 2589 2014 2631 ‚
2050 2533 2495 2637 ltcetstngult
2524 2534 2918 2636 tnsbltdum
2933 2560 3339 2630 teneantur,

646 2641 1139 2740 obligationem
1171 2639 1395 2714 diuidi
1404 2691 1428 2729 ‚
1476 2634 1638 2713 fatis
1669 2635 1943 2712 indicat
1957 2689 1980 2728 ,
2027 2635 2102 2712 se
2129 2627 2482 2740 respicere
2515 2635 2608 2713 ad
2647 2635 3026 2741 epistolam
3067 2639 3167 2716 D.
3187 2639 3346 2715 Ha·-

644 2740 881 2818 driani
895 2792 918 2831 ‚
972 2763 1117 2839 qua
1170 2735 1609 2814 beneficium
1650 2733 2029 2814 diuifionis
2067 2735 2448 2813 inductum
2489 2737 2837 2814 nouimus
2852 2791 2876 2832 ‚
2939 2741 3007 2836 §.
3041 2749 3130 2830 ³4.
3173 2735 3339 2834 Inst-

644 2841 739 2920 de
756 2836 1067 2942 fideiuffi
1106 2840 1159 2914 l.
1197 2849 1298 2914 26.
1322 2839 1420 2915 D.
1454 2837 1596 2914 eod.
1650 2839 1701 2915 l.
1730 2839 1867 2914 vlt.
1896 2842 1970 2916 C.
2014 2838 2101 2913 de
2137 2835 2338 2934 const.
2372 2858 2521 2937 pec.
2569 2863 2946 2956 quamque
2993 2836 3230 2918 statim
3253 2837 3334 2914 in

644 2939 973 3018 edietum
996 2957 1441 3042 perpetuum
1480 2936 1708 3040 recipi
1744 2935 1936 3013 iuffit
2033 2936 2320 3040 rinceps
2337 2991 2360 3032 ‚
2422 2959 2772 3040 tanquam
2814 2963 2929 3014 lus
2973 2957 3342 3042 perpetuo

626 3039 1059 3123 valiturum.
1160 3037 1247 3114 Id
1283 3035 1492 3140 quod
1519 3036 1681 3114 lane
1720 3036 1928 3112 succe
1981 3061 2196 3112 orum
2223 3037 2616 3140 quisquam
2641 3063 2797 3116 non
2825 3058 3104 3116 temere
3131 3036 3342 3115 fecis-

642 3139 774 3220 set.
870 3138 1017 3217 Sed
1054 3137 1236 3216 nolo
1266 3138 1641 3215 immorari
1674 3135 2275 3214 demonstrandae
2307 3137 2450 3232 rei,
2506 3163 2732 3242 quam
2767 3137 2996 3218 hodie
3033 3161 3192 3217 non
3223 3157 3336 3225 te·-

609 3263 847 3320 .mere
886 3263 1341 3342 quemquam
1370 3263 1634 3317 vocare
1670 3239 1750 3316 in
1786 3235 2098 3315 dubium
2111 3291 2134 3331 ‚
2179 3236 2506 3318 arbitror.

1052 3450 1143 3554 Id
1224 3448 1421 3530 otius
1461 3447 1840 3531 obseruare
1880 3355 2006 3532 {ic
2041 3449 2324 3549 licebit,
2400 3451 2585 3534 nulli
2613 3454 2938 3574 principi
2979 3481 3148 3536 eam
3182 3458 3334 3536 lau·-

636 3553 815 3634 dem
857 3550 1084 3656 magis
1180 3553 1375 3629 eberi
1392 3607 1414 3646 ‚
1474 3577 1700 3656 quam
1736 3555 2153 3649 Hadriane,
2257 3579 2430 3630 uem
2475 3553 2661 3634 nihil
2699 3555 2941 3663 prius,
2999 3559 3336 3661 nihilque

608 3654 1011 3761 *antiquius
1050 3651 1363 3731 habuiffe
1388 3649 1672 3730 constat
1688 3707 1711 3747 ,
1764 3679 1992 3770 quam
2024 3677 2114 3734 vt
2151 3681 2246 3732 ve
2273 3657 2380 3732 uti
2419 3681 2694 3736 nouam
2733 3657 3108 3738 ciuitatem
3151 3660 3333 3762 legi-

634 3757 775 3832 bus
808 3753 1196 3850 conderet,
1244 3772 1477 3856 eaque
1504 3753 1583 3830 in
1610 3775 1689 3829 re
1714 3773 1926 3830 etiam
1944 3809 1969 3848 ,
2017 3757 2126 3832 vti
2151 3757 2227 3832 in
2254 3756 2552 3859 reliquis
2593 3760 2964 3863 plerisque
2989 3761 3328 3836 Numam

634 3853 1085 3958 Pompilium
1114 3855 1535 3936 imitaretur.
1680 3850 2047 3932 Sollicitus
2087 3855 2314 3934 futuri
2345 3857 2632 3938 iuuenis
2651 3915 2674 3954 ,
2725 3861 2905 3937 teste
2947 3861 2996 3936 S
3089 3859 3328 3935 rtiano

636 3955 715 4032 in
742 3955 972 4034 Hadr.
1023 3958 1186 4058 Cap.
1229 3957 1324 4035 II.
1422 3955 1566 4034 Vir
1616 3953 1631 3974 ⁶
1664 3957 1854 4034 ianas
1890 3950 2118 4036 sortes
2159 3955 2632 4039 consuluerat.
2725 3956 3000 4040 Excide
3051 3979 3124 4034 at
3159 3979 3326 4035 tum

630 4047 783 4132 sors
800 4106 827 4148 ‚
874 4075 1095 4169 quam
1125 4059 1243 4134 alii
1266 4083 1361 4135 ex
1388 4055 1565 4158 Siby
1592 4058 1751 4136 linis
1777 4056 2096 4154 verfibus
2134 4060 2202 4138 ei
2233 4060 2646 4166 proueniffe
2681 4059 3052 4152 dicebant,
3114 4060 3342 4150 locus

630 4177 811 4261 puta
834 4153 1129 4258 ergilii
1153 4161 1447 4245 Aeneid.
1484 4159 1617 4272 Vl.
1646 4183 1719 4245 v.
1747 4173 1891 4258 809.
1902 4157 2112 4268 fiqu·
3141 4261 3304 4370 ρ’,

698 4310 705 4318 .
1574 4297 1585 4304 ·
2019 4307 2030 4322 -
3217 4287 3324 4338 uu·
