3825 4800
1397 386 1722 507 wius
1799 385 2328 500 ROMANI.
2439 391 2447 400 ·
3052 390 3209 510 667

467 577 758 659 uer-im
787 568 1024 653 visum
1051 571 1336 667 Italiae,
1445 572 1604 651 uod
1631 574 1999 656 eiusmodi
2028 572 2435 656 iurisdiedo
2458 574 2731 659 nullam
2766 578 3229 663 imminutae·

465 676 846 757 libertatis
873 674 1192 779 speeiem
1218 698 1392 780 prae
1449 702 1492 753 e
1519 674 1764 755 ferret.
1807 675 2183 757 Dodwell.
2210 677 2307 756 ib.
2322 703 2397 781 p.
2410 702 2535 774 355.
2549 676 2752 783 sequ.
2849 683 3199 787 Denique

469 800 570 857 et
598 778 950 860 iuridioos
979 776 1223 855 Italiae
1251 775 1532 856 sustulit
1559 779 1971 871 Macrinus,
2013 780 2167 857 Dio
2192 778 2358 857 Lib.
2390 782 2814 863 LXXVIII.
2860 804 2941 861 et
2970 808 3069 863 ex
3096 810 3195 864 eo

473 902 844 985 tempore
882 874 1324 957 Dodwellus
1357 877 1740 957 suooeffiffe
1779 880 2141 959 existima
2176 880 2653 959 Correstores
2678 884 2963 980 Italiae,
2994 910 3191 987 quo-

471 1006 668 1061 rum
707 984 1204 1059 meminerunt
1239 979 1570 1058 Trebell.
1619 980 1803 1059 Poll.
1843 980 1941 1057 de
1984 982 2145 1085 trig.
2181 1002 2471 1083 tyrann.
2516 1008 2589 1061 n.
2616 969 2901 1064 XXIV.
2958 1009 3039 1065 et
3078 988 3197 1067 alii

469 1084 834 1185 itemque
857 1105 1216 1162 mannora
1244 1081 1440 1185 apud
1455 1082 1678 1159 Grut.
1711 1108 1784 1187 p.
1813 1084 2305 1189 CCCCLIX,
2336 1110 2403 1177 7.
2449 1106 2527 1161 et
2552 1084 2969 1165 Reinefium
2984 1088 3204 1170 Inscr.

471 1184 684 1265 class‘.
705 1186 840 1277 III,
860 1191 974 1279 56.
1020 1186 1097 1261 A
1125 1183 1620 1261 Constantino
1649 1188 1757 1261 M.
1773 1184 2091 1263 restituti
2116 1182 2527 1263 consulares
2542 1238 2567 1278 ,
2594 1210 2919 1287 quorum
2946 1188 3203 1293 paffim

473 1287 1000 1365 meminerunt
1049 1304 1410 1361 marmora
1459 1310 1574 1389 ap.
1625 1286 1850 1363 Grut.
1889 1312 1967 1391 p.
1990 1287 2349 1380 CCCLI,
2379 1314 2448 1379 5.
2496 1310 2573 1390 p.
2600 1290 3063 1369 CCCLVII.
3114 1293 3201 1371 in

477 1387 774 1491 quibus
805 1409 886 1464 et
907 1386 998 1463 ali
1055 1384 1302 1463 nando
1327 1386 1706 1467 ἀνθύπατοι
1741 1386 1858 1464 vel
1888 1410 2186 1467 moene.
2198 1387 2565 1465 dicuntur.
2612 1390 2839 1467 Grut.
2851 1416 2927 1495 p.
2942 1394 3207 1473 MXC.

481 1485 791 1569 Reines.
831 1412 1052 1567 (21:13
1087 1490 1240 1582 V1,
1271 1514 1352 1584 4.
1405 1487 1862 1589 Symmacho
1901 1488 2254 1589 consulari
2280 1490 2441 1570 iure
2469 1490 2915 1595 Campaniae
2940 1490 3205 1597 praefi·-

481 1590 765 1671 dentes
793 1590 958 1668 Lib.
985 1592 1116 1667 IX.
1165 1614 1282 1693 ep.
1313 1592 1510 1667 LIII.
1593 1592 1945 1693 Denique
1976 1588 2501 1671 Consularibus
2532 1591 2803 1669 iterum
2833 1590 3205 1673 substituti

489 1690 1020 1785 Correaotes‚
1067 1702 1206 1793 qui
1228 1712 1308 1769 et
1335 1690 1880 1785 Moderatores,
1909 1691 2259 1769 Rediores
2272 1745 2297 1785 ,
2343 1688 2705 1771 Praesules
2734 1714 2811 1771 et
2840 1694 3205 1777 Praefides

487 1814 868 1873 vocantur
904 1792 992 1869 ab
1020 1792 1462 1886 Ammiam,
1492 1794 1937 1893 Symmacho
1966 1815 2045 1871 et
2074 1792 2535 1873 Cafliodoro.
3044 1842 3051 1847 -

499 1964 508 1973 .
709 1894 1121 1984 ITALIA,
1183 1893 1262 1971 in
1295 1918 1440 1995 qua
1463 1893 1916 1997 naufragium
1942 1892 2017 1969 se
2040 1892 2281 1971 feeiffe
2306 1896 2643 1996 queritur
2668 1896 3105 1979 Eudaemon
3126 1899 3211 1979 in

498 2002 562 2079 l.
594 1996 868 2099 ἀξίωσις
895 2001 973 2085 9.’
1012 1995 1114 2071 D.
1156 1994 1243 2071 de
1267 1996 1348 2071 L.
1375 1993 1590 2073 Rhod.
1632 1996 1720 2072 de
1749 1996 1904 2073 iad.
1950 1992 2115 2073 satis
2152 1993 2457 2073 obscura
2482 1996 2779 2075 videtur
2795 2000 3217 2105 interpreti-

499 2104 704 2177 bue..
769 2099 984 2200 Qe
1013 2095 1216 2171 enim
1245 2094 1438 2173 Italia
1467 2094 1624 2189 illa,
1669 2096 1748 2173 in
1791 2119 1941 2197 qua
1982 2094 2369 2199 naufragus
2404 2097 2619 2201 diripi
2648 2102 2901 2200 potuit
2929 2104 3063 2179 ὑπδ
3088 2107 3217 2179 τῶν

505 2198 826 2299 δημοσίων
864 2203 988 2277 «effi
1023 2199 1152 2281 τοὶς
1179 2192 1546 2282 Κυκλάδας
1573 2196 1772 2283 vtio-85
1793 2197 2127 2282 οἰκέντωη
2200 2201 2399 2280 Rem
2424 2222 2583 2275 non
2778 2198 2937 2277 edit
2968 2200 3211 2279 bonus

507 2296 902 2381 Accurfius
915 2350 940 2393 ‚
985 2297 1122 2401 qui
1159 2317 1238 2373 et
1275 2294 1634 2400 Cycladas
1673 2292 1933 2375 insulas
1960 2296 2165 2375 iuxta
2198 2296 2477 2377 Italiam
2566 2320 2819 2389 uaent.
2918 2301 3047 2379 Est
3078 2300 3216 2381 ita-

507 2427 670 2586 {1:³5
679 2457 706 2497 ’
757 2396 2087 2582 (1“Ῐιιιῗῖἰιᾷἷὲ“ἒῗοξὲ“ἑιὲ’λὲῳὲιῗῐ
2125 2395 2569 2581 fiwmffissc.
2630 2402 3221 2585 moffissfflfffi

511 2607 562 2685 l.
607 2537 880 2707 σίὲῗῶσις
919 2629 1078 2710 cap.
1111 2606 1243 2680 III.
1299 2628 1377 2707 p.
1421 2620 1512 2690 13.
1561 2527 1987 2707 praefertiiit
2042 2525 2407 2692 Ξοτῖἢῑκοι
2444 2615 2515 2704 ίῳ
2552 2601 2822 2684 scilicet
2864 2607 3221 2708 θαλάσσῃ.
3285 2651 3293 2658 =

515 2709 730 2788 Alius
768 2711 828 2782 ἐν
859 2713 1234 2804 ’Ara-amq,
1281 2705 1374 2782 ad
1417 2703 1770 2783 Attaiiam
1809 2695 2284 2808 Pamphyliae
2324 2732 2373 2781 v
2461 2731 2579 2782 em
2624 2729 2781 2784 non
2823 2705 3147 2784 multum
3176 2729 3223 2782 a

513 2805 962 2908 Cycladibus
995 2829 1356 2884 remotam
1389 2805 1540 2882 hoc
1564 2804 1814 2884 naufra
1865 2801 2022 2882 ’um
2051 2805 2431 2909 contigiffe
2454 2806 2903 2902 existimant,
2952 2806 3075 2885 sed
3103 2805 3221 2884 ni-

517 2907 628 2988 hil
651 2907 1098 3012 probabilius
1123 2905 1476 2984 sententia
1498 2913 1588 2988 τᾶ
1607 2909 1786 2986 πάνυ
1876 2906 2395 3006 ynkershoekii
2440 2906 2535 2985 ad
2574 2906 2623 2984 l.
2652 2935 2725 3008 9.
2761 2909 2857 2988 de
2886 2912 2977 2988 L.
3016 2907 3225 2988 Rho-
3364 2952 3369 2958 ·

517 3007 678 3103 dia,
723 3007 1119 3112 legendum
1167 3007 1307 3085 effe
1347 3009 1722 3092 monentis
1763 3013 1828 3085 ἐν
1875 3007 2202 3107 Ἀιθοιλίῳ
2218 3061 2241 3090 .
2288 3031 2432 3110 pro
2470 3031 2629 3110 quo
2664 3031 2743 3088 et
2766 3007 2969 3114 apud
2994 3007 3231 3087 Ouid.
3268 3103 3276 3110 ,

517 3111 620 3193 de
649 3112 896 3189 Ponto
923 3109 1085 3190 Lib.
1114 3111 1208 3186 II.
1255 3107 1456 3224 Eleg.
1485 3111 1616 3186 III.
1661 3108 2039 3212 legebatur
2077 3107 2275 3186 Italia
2292 3161 2311 3200 ,
2356 3130 2757 3210 antequam
2796 3111 2969 3190 Nic.
2990 3110 3235 3190 Hein-

355 3283 368 3294 ,
521 3211 664 3292 fius
705 3231 1102 3316 reponeret
1127 3209 1485 3288 Aethalia.
1587 3211 1712 3288 Est
1741 3232 1987 3288 autem
2014 3209 2349 3288 Aethalia
2374 3207 2621 3288 insula.
2678 3273 2694 3284 .

725 3313 1404 3394 ITALICENSES
1453 3335 1610 3388 non
1649 3311 2081 3391 dicebantur
2124 3311 2324 3403 Itali,
2372 3310 2501 3388 sed
2554 3309 2811 3390 coloni·
2854 3311 3057 3392 vrbis
3088 3310 3237 3388 Hi„

523 3418 575 3499 s
611 3419 814 3502 aniae
835 3415 1214 3508 Baeticae,
1253 3435 1670 3498 conuentus
1699 3408 2137 3518 Hispalenfis
2150 3465 2175 3504 ‚
2230 3413 2321 3490 ad
2338 3412 2623 3492 Baetim
2654 3412 2993 3508 fluuium,
3009 3434 3237 3515 quam

587 3517 874 3601 escribit
925 3515 1108 3594 Plin.
1179 3513 1344 3594 Lib.
1361 3517 1492 3593 111.
1551 3539 1708 3618 cap.
1747 3515 1805 3591 I.
1902 3515 2085 3592 Eam
2122 3514 2268 3591 iam
2316 3515 2680 3593 Traianus
2726 3514 3045 3592 ciuitatis
3076 3514 3243 3589 iure

525 3625 952 3704 donauerat.
1003 3616 1272 3722 Spanh.
1297 3614 1485 3694 Orb.
1523 3619 1742 3695 Rom.
1769 3616 2087 3695 Exercit.
2116 3617 2173 3692 I.
2204 3639 2361 3732 cap.
2390 3617 2485 3694 Π.
2533 3618 2601 3714 §-
2618 3616 2819 3694 XXI.
2890 3615 3043 3696 Sub
3084 3614 3244 3690 Ha·-

527 3725 788 3804 driano
815 3743 1064 3798 tamen
1107 3717 1356 3796 multis
1395 3717 1584 3796 aufti
1623 3715 2023 3821 priuilegiis
2055 3715 2389 3798 oolomae
2434 3718 2548 3794 ius
2588 3716 2941 3822 petebant
2950 3722 2983 3810 ‚¹
3024 3736 3109 3794 vt
3136 3713 3249 3790 est

529 3825 732 3933 apud
767 3821 964 3902 Gell.
1012 3820 1180 3899 Lib.
1195 3821 1401 3898 XVI.
1449 3844 1606 3922 cap.
1637 3819 1839 3896 XIII.
1938 3821 2036 3898 Et
2070 3819 2248 3896 hinc
2298 3843 2617 3898 comum
2670 3841 3110 3899 ιτΑιιοεΝειε
3162 3839 3241 3892 m

533 3953 751 4010 mov.
797 3950 1108 4004 ΒΑΕΤιοΑ
1155 3919 1559 4024 adpellatur
1587 3917 1786 4024 apud
1811 3920 2113 3998 Gruter.
2142 3945 2217 4024 p.
2260 3921 2866 4013 CCCLXXXV‚
2894 3947 2942 3998 1.
2992 3915 3251 4098 ¹{Ieti-

533 4053 682 4210 pae,
701 4023 1054 4202 Italicessfi
1071 4017 1526 4206 jeseripfiss?
1553 4021 1901 4100 dicuntur
1944 4025 2235 4103 Marcus
2274 4041 2357 4099 et
2398 4020 2673 4101 Lucius
2710 4023 2959 4104 Verus
3062 4039 3249 4098 atres

623 4158 664 4208 2
715 4185 734 4206 .
828 4154 892 4205 r.
1011 4181 1030 4202 .
1119 4153 1158 4202 e
1279 4151 1386 4204 en.

571 4183 590 4222 ⁹
649 4153 713 4282 ·7
743 4147 1120 4312 IQDAEI
1163 4145 1526 4310 rfgtiffima
1551 4235 1732 4330 gens
1759 4221 1890 4304 sub
1923 4223 2496 4326 Imperatoribus
2520 4245 2658 4330 per
2684 4223 3103 4311 vniuersum
3135 4245 3261 4308 or-

1920 4327 2049 4432 Pp
2090 4351 2217 4434 pp
2264 4353 2307 4406 2
3086 4327 3263 4406 bem
