3825 4800
643 424 796 515 70'0
1001 402 1508 489 ms‘romA
1567 401 1712 484 ET
1765 400 1949 483 RES
2000 392 2411 485 GESTAE
2470 396 3001 519 Lvnovlcx

655 618 1014 680 AVSTRIAE
1063 592 1188 670 vel
1237 588 1678 669 Avs‘TnAsmn
1725 589 2031 667 nomine
2062 588 2477 684 veniebant,
2510 592 2583 689 e)
2614 588 2851 695 palam
2880 589 3008 666 est.
3082 590 3193 667 At
3205 590 3369 697 ipit-2

647 722 1069 782 ›Lvnovlc'vs
1117 694 1330 773 initio
1355 690 1847 797 diplomatum
1882 688 2184 769 suorum
2214 690 2420 768 nullo
2462 693 2695 777 vritur
2722 690 2943 769 titulo
2983 687 3375 799 διικςιτικῷ,

643 804 792 885 {ed
830 796 1254 903 fimpliciter
1298 792 1372 872 se
1415 817 1848 873 Lvnovmvm
1896 792 2145 871 diuina
2148 791 2463 897 fauente
2556 796 2755 874 ratia
2811 796 3105 895 Regem,
3157 820 3379 873 more

660 906 870 985 istius
901 898 1196 994 saeculi,
1221 897 1312 974 ad
1369 895 1626 988 euitat,
1653 916 2165 1000 praeterquam
2199 894 2445 998 qued,
2525 897 2877 1000 uperstite
2902 916 3131 999 patre,
3159 899 3384 1003 Regis

667 1005 1114 1089 Boiariorum
1158 1001 1304 1077 titu
1325 1022 1460 1075 ‚um
1503 996 1946 1100 praetuliffe,
1986 996 2063 1097 f)
2124 998 2547 1100 eodemque
2604 996 2771 1075 fiatis
2813 996 3073 1095 funesto
3110 1024 3376 1095 annos,

667 1106 938 1211 quibus
970 1102 1148 1179 huic
1175 1101 1292 1179 vel
1317 1100 1421 1191 illi
1454 1116 1686 1215 regno
1717 1100 2030 1203 praeesse
2060 1100 2425 1205 eoeperit,
2470 1101 2553 1177 in
2592 1099 2743 1179 fine
2780 1100 3195 1183 chartarum
3230 1128 3377 1183 nu-

667 1204 964 1325 megaffe
989 1202 1384 1309 aliquando
1419 1199 1703 1304 leg1tur.
1735 1204 1814 1303 g)
2946 1306 3033 1381 V
3097 1306 3175 1383 A
3258 1303 3275 1320 .

3032 1361 3056 1382 .
3176 1327 3371 1382 enus

809 1502 882 1608 e)
934 1518 1084 1590 Nec
1113 1534 1326 1586 tamen
1357 1509 1510 1582 ideo
1538 1532 1671 1605 ego
1711 1508 2040 1583 Ludouici
2091 1534 2369 1607 regnum
2431 1512 2703 1595 iisdem,
2776 1510 3013 1606 quibus
3043 1512 3203 1581 olim
3250 1508 3367 1582 sub

967 1616 1382 1711 Merouingis
1436 1610 1776 1697 Austrafia,
1831 1614 2125 1684 terminis
2174 1616 2498 1690 contineri
2544 1614 2775 1715 statuo.
2898 1614 3359 1687 Theodericus

965 1720 1142 1793 enim
1164 1769 1185 1802 ,
1252 1718 1369 1812 qui
1415 1718 1664 1811 primus
1707 1712 2091 1787 Austrafiam
2145 1717 2359 1799 rexit,
2439 1716 2535 1785 eis
2593 1716 2901 1789 Rhenum
2951 1716 3268 1789 Boioariis
3296 1734 3365 1785 et

959 1822 1354 1904 Alamannis,
1407 1841 1443 1888 a
1471 1836 1660 1913 patre
1685 1816 2073 1914 perdomitis
2100 1816 2404 1908 praeibit,
2434 1818 2675 1913 quibus
2704 1821 2844 1912 ipse
2876 1840 3153 1913 regnum
3178 1816 3364 1888 Thu·

975 1922 1300 2017 ringicum
1331 1920 1604 1991 adiecitz
1651 1918 1870 1989 noster
1895 1916 2091 1990 fimul·
2123 1918 2481 2003 Saxoniae,
2544 1918 2807 2019 Frifiae,
2872 1939 2944 1991 et
2980 1920 3363 2014 prouinciis,

973 2046 1134 2119 quas
1175 2024 1346 2095 slaui
1379 2028 1894 2117 occupauerant,
1934 2022 2300 2114 imperauit.
2422 2023 2669 2094 Contra
2706 2022 2929 2093 noster
2952 2030 3142 2117 ἰα-3ης
3194 2020 3367 2092 Rhe·

973 2148 1136 2199 num
1158 2127 1348 2198 initio
1376 2142 1636 2219 praeter
1665 2124 2079 2219 Moguntiam
2096 2173 2116 2205 ‚
2177 2124 2608 2197 Wormatiam
2646 2144 2717 2197 et
2760 2126 3011 2219 spiram
3053 2124 3213 2195 nihil
3256 2122 3367 2195 hm.

977 2230 1161 2303 buit:
1207 2250 1415 2323 quum
1429 2226 1536 2315 ‚ibi
1566 2224 2025 2299 Tbeodericus
2070 2224 2268 2321 longe
2316 2217 2591 2331 legeque
2620 2224 2964 2319 reg'natet,
3034 2222 3364 2321 ipsamque

913 2330 918 2336 ’
963 2332 1154 2428 regni
1187 2329 1404 2404 sedem
1446 2329 1650 2401 Meris
1695 2326 2135 2402 constituisset.
2234 2328 2582 2424 Freuegar.
2620 2326 2787 2418 Htst.
2834 2332 3063 2399 Franc.
3117 2326 3367 2414 epitom.

975 2441 1128 2518 Cap.
1165 2435 1369 2502 XXX.
1469 2431 1600 2502 Sed
1635 2433 2205 2523 ‘qualitercumque
2252 2433 2632 2524 prouinciae
2676 2433 3075 2504 Francorum
3101 2432 3367 2520 diuidet·
3462 2459 3469 2464 ·

961 2553 1232 2615 rentur,
1281 2531 1533 2624 semper
1562 2553 1709 2622 pars
1753 2531 2087 2602 orientalis.
2120 2530 2471 2628 Austrafiae
2498 2535 2759 2605 nomine
2800 2533 3044 2615 venisse
3080 2534 3367 2608 videtur·

965 2632 1456 2706 Schurzfleisch.
1497 2628 1757 2722 Diffi’rt.
1787 2635 1868 2700 de
1897 2653 2087 2720 regno
2114 2629 2405 2727 Austrff
2424 2641 2574 2721 Cap.
2602 2639 2657 2705 Ι.
2727 2643 2740 2656 “

810 2735 887 2828 f)
915 2733 1104 2808 Infra
1135 2733 1429 2827 Diplom.
1465 2755 1583 2818 40.
1618 2753 1716 2824 41.
1753 2757 1862 2818 43.
1891 2739 1995 2805 61.
2024 2739 2129 2804 62.
2160 2739 2265 2822 63.

818 2838 904 2935 g)
951 2837 1326 2910 Ludouicus
1355 2834 1572 2919 noster
1601 2857 1736 2905 non
1763 2827 1914 2904 vni'.
1965 2833 2075 2906 sed
2102 2837 2397 2929 pluribus
2425 2841 2643 2934 regnis
2672 2837 2993 2912 domidati
3039 2826 3155 2906 fibi
3189 2831 3368 2906 vide:

970 2941 1195 3022 batur,
1241 2961 1314 3010 ac
1339 2937 1630 3032 proinde
1655 2959 1791 3008 non
1816 2927 2037 3031 regni,
2103 2936 2213 3010 sed
2260 2943 2612 3030 Regnorum
2652 2939 3055 3010 orientalium
3100 2941 3241 3006 Rex
3280 2935 3365 3006 sa-

965 3044 1206 3113 lutatur
1232 3042 1312 3113 ab
1350 3061 1653 3110 orrnmo
1673 3090 1693 3122 ‚
1763 3043 1903 3107 Rex
1948 3039 2220 3133 quippe‘
2244 3041 2433 3110 totius
2476 3043 2891 3136 Germaniae,
2968 3040 3363 3108 Rhetiarnm-

881 3157 892 3169 ·
976 3165 1097 3234 que
1133 3159 1199 3211 et
1221 3141 1522 3232 antiquae
1553 3141 1864 3212 Franciae
1877 3189 1896 3221 ,
1944 3163 2059 3209 nec
2087 3163 2209 3210 non
2238 3143 2585 3226 Saxoniae,
2642 3143 3030 3232 nuringiae
3044 3189 3063 3222 ,
3113 3139 3363 3221 Norici,

971 3243 1448 3312 Pannoniarum
1468 3259 1658 3332 atque
1677 3239 2555 3334 omniumfiptesstrionalium
2596 3247 2959 3325 nationum,
3006 3244 3113 3316 vti
3152 3243 3365 3334 loqui·

979 3365 1089 3417 tur
1132 3345 1500 3416 Monachu's
1538 3343 1946 3440 Sangallenfis
1988 3343 2056 3411 in
2101 3345 2243 3412 vita
2296 3348 2508 3415 Caroli
2554 3351 2654 3416 M.
2700 3343 2842 3416 Lib.
2897 3348 2985 3415 II.
3042 3351 3197 3430 Cap.
3246 3344 3361 3434 IX.

969 3450 1153 3518 Hinc
1187 3451 1253 3516 in
1288 3447 1537 3516 chartis-
1549 3445 1673 3518 suis
1716 3447 1925 3518 modo
1967 3465 2167 3518 annos
2209 3449 2397 3540 regni
2438 3446 2533 3518 sui
2559 3451 2625 3518 in
2670 3448 3003 3529 Baioaria,
3065 3447 3163 3516 vti
3201 3443 3369 3516 infra

863 3551 891 3558 ’
961 3551 1120 3635 dipl.
1162 3549 1364 3616 LVII.
1386 3550 1611 3619 “modo
1642 3551 1710 3642 ἰῃ
1744 3547 2131 3617 Alamannia
2151 3597 2171 3630 ‚
2228 3549 2329 3620 vti
2361 3547 2522 3633 dipl.
2560 3551 2869 3618 XXXIII.
2904 3567 2971 3618 et
2992 3545 3181 3642 sequ.
3224 3569 3369 3618 mo-

975 3652 1072 3742 do
1097 3654 1167 3722 in
1197 3646 1451 3741 Alfittia
1476 3649 1586 3720 vel
1622 3649 2040 3744 Lothnringia
2058 3700 2081 3734 ‚
2130 3669 2327 3742 quam
2366 3672 2521 3721 cum
2550 3653 2793 3723 Carolo
2815 3649 3019 3722 fratre
3054 3667 3371 3734 creuerat,

973 3755 1074 3824 vti
1119 3751 1300 3838 Dipl.
1343 3753 1399 3819 Ι.
1425 3827 1430 3832 ,
1453 3751 1619 3821 solet
1655 3772 2014 3822 numerare.
2116 3751 2497 3820 Germaniae
2535 3755 2721 3842 Regis
2768 3754 2961 3826 titulo
3003 3753 3185 3822 illum
3230 3773 3368 3822 vm·

971 3877 1170 3950 quam
1207 3851 1393 3924 vsum
1425 3853 1587 3936 effe,
1638 3875 1771 3924 non
1801 3851 2141 3929 obseruaui
2163 3903 2185 3936 ,
2232 3873 2689 3949 praeterquam
2736 3855 2923 3948 quod
2953 3855 3021 3923 in
3068 3855 3371 3924 Formuh‘s

979 3954 1258 4048 Allitticis
1287 3977 1455 4025 num.
1491 3955 1598 4025 VI.
1616 3971 1687 4041 p.
1705 3977 1819 4040 57.
1847 3955 2005 4027 edit.
2049 3955 2323 4028 Eccardi
2366 3957 2657 4054 legimus.
2722 3959 2867 4026 HL.
2908 3954 3051 4024 Rex
3098 3959 3363 4024 Germa-

873 4087 888 4112 ·‘
973 4059 1132 4144 ‚.·iae.
1231 4057 1362 4128 Sed
1391 4079 1598 4150 quum
1625 4080 1702 4130 ea
1733 4057 1936 4150 magis
1962 4056 2240 4128 formula
2284 4055 2694 4151 diplomatis,
2752 4080 2951 4153 quam
2990 4077 3229 4136 verum
3270 4057 3371 4127 di-

947 4161 1167 4255 ploma
1203 4159 1539 4243 videatur,
1583 4181 1803 4252 neque
1833 4160 1981 4230 alibi
2011 4157 2225 4231 exstet
2251 4159 2497 4245 vllam,
2556 4163 2624 4232 in
2650 4183 2790 4255 quo
2830 4159 2944 4231 hie
2982 4159 3209 4231 titulus
3250 4179 3371 4229 oc-

961 4280 1212 4334 currat:
1261 4261 1418 4331 inde
1441 4259 1584 4334 sane
1613 4261 1949 4358 publicum
1975 4261 2169 4335 huius
2193 4260 2395 4358 elogii
2408 4261 2609 4364 ⁴Vsum
2633 4263 2819 4340 fuiffe
2836 4311 2858 4350 ‚
2908 4282 3109 4335 nemo
3154 4279 3365 4333 teme-

957 4361 1424 4457 recollegerit.
1805 4376 1809 4383 ·
