3825 4800
653 427 791 504 702
993 390 1508 478 ffls‘roluA
1573 387 1720 468 ET
1779 383 1963 466 RES
1990 347 2425 466 GEs‘rAE
2476 363 3007 467 Lvnovrm

662 585 738 668 se
765 581 1095 687 Augusta
1125 577 1476 682 dignitate
1499 570 1897 666 abdicaret,
1949 570 2073 648 vel
2102 569 2437 650 eamdem
2481 568 2729 650 secum
2760 571 3373 662 communicaret,

661 687 816 780 sed,
847 683 1062 788 quod
1087 679 1365 758 disertis
1393 676 1631 754 verbis
1665 694 2029 752 memorat
2055 697 2481 754 mTHAnnvs
2498 728 2522 767 ,
2546 675 2623 768 k)
2646 749 2655 767 ,
2679 698 2765 752 vt
2794 671 3372 775 memorfrater-

667 815 805 872 nae
837 783 1276 873 conditionis,
1289 777 1565 878 fineret
1595 773 1953 874 ecclefiam
1972 777 2111 854 Dei
2142 797 2213 854 et
2232 773 2639 876 vniuerficm
2652 779 2995 880 populum
3027 773 3377 872 Christia-

667 917 844 972 mcm
855 909 1106 991 pacem
1135 882 1392 962 habere
1404 934 1429 975 ,
1459 878 1862 958 concederet
1899 878 2036 955 illa
2092 901 2337 956 REGNA
2352 931 2374 970 ,
2422 904 2471 953 a
2505 900 2760 980 patre,
2810 903 2951 958 svo
3002 901 3379 956 consitusv

671 987 1003 1091 comesta,
1031 986 1322 1064 haberet
1369 1007 1506 1059 sva
1537 978 1714 1080 sibi,
1741 1005 1874 1056 non
1905 978 2164 1056 merito
2178 1033 2203 1072 ‚
2225 976 2527 1079 sbdsbla
2572 979 3047 1080 mifiricordia
3076 1005 3125 1055 α
3154 999 3384 1080 patre

669 1095 776 1174 illi
803 1091 1072 1170 relidat.
1167 1084 1381 1190 Qin
1405 1081 1609 1160 addit
1635 1105 2063 1160 NJTHARDVS
2077 1135 2103 1174 ,
2132 1101 2533 1181 vnumque
2554 1080 2847 1158 fratrem
2866 1081 3220 1159 Lothario
3236 1081 3385 1156 ob-
3450 1091 3459 1104 ‘

671 1191 906 1276 tuliss'e
933 1188 1361 1298 portionem
1391 1183 1602 1288 regni
1634 1181 1738 1262 sui
1753 1235 1780 1274 ,
1824 1181 2301 1260 Ludouicum
2326 1181 2637 1300 quidem
2680 1181 2771 1258 ad
2794 1183 3175 1275 Rhenum,
3226 1184 3383 1262 Ca·-

594 1367 602 1374 .
671 1296 924 1378 tolum
952 1289 1184 1394 vsque
1211 1287 1302 1365 ad
1319 1285 1794 1366 Carbonarias
1809 1337 1835 1376 ,
1884 1285 2069 1386 quin
2092 1281 2195 1362 im
2228 1305 2615 1387 opnonem
2636 1282 2940 1378 dedisse,
2968 1305 3053 1362 vt
3082 1285 3387 1368 vniuer-

677 1401 754 1479 sa
783 1394 1084 1476 Francia
1121 1413 1358 1492 aequa
1397 1387 1600 1465 lance
1639 1386 1722 1462 in
1755 1405 1901 1461 tres
1946 1407 2189 1488 partes
2230 1381 2581 1490 descripta
2594 1440 2619 1481 ,
2646 1379 2801 1491 ipse
2824 1411 3389 1490 quamcumque

681 1501 966 1590 liberet,
993 1493 1414 1603 portionem
1445 1485 1568 1566 fibi
1597 1484 2023 1566 vindicaret.
2204 1511 2373 1564 uare
2408 1507 2691 1564 tantum
2732 1487 2971 1583 abest,
3018 1511 3099 1566 vt
3124 1487 3385 1572 fiatres

683 1597 1048 1684 Lothatio
1077 1592 1489 1698 quidquam
1527 1613 1826 1688 eorum,
1926 1613 2062 1666 uae
2104 1590 2185 1666 iu
2266 1588 2387 1666 cio
2422 1590 2643 1693 patris
2695 1612 3192 1696 praeceperat,
3222 1617 3389 1669 ere-

827 1726 910 1778 m
931 1697 1239 1790 vellent,
1261 1715 1350 1770 vt
1375 1690 1514 1770 illis
1549 1712 1832 1795 partem
1915 1715 1957 1766 e
1980 1686 2153 1785 suo,
2192 1688 2243 1767 fi
2268 1715 2351 1768 ae
2408 1715 2533 1768 uas
2568 1692 3033 1772 conditiones
3062 1719 3223 1771 non
3252 1694 3386 1771 ad-

661 1839 670 1848 ·
717 1823 1174 1912 pemaretur,
1201 1793 1466 1874 addere
1493 1813 1872 1896 cuperent.
1970 1791 2117 1870 Sed
2152 1811 2231 1870 et
2274 1792 2549 1872 viribus
2583 1795 2915 1874 Lotharii
2946 1795 3223 1899 praelio
3248 1795 3387 1872 illo

681 1896 1184 1988 Fontaneenfi·
1199 1897 1494 2003 penitus
1529 1891 1927 2000 prostratiS,
1956 1915 2195 1998 quum
2224 1894 2370 1972 iam
2402 1895 2481 1972 in
2508 1921 2728 1978 manu
2756 1895 2931 1976 effet
2954 1897 3385 1994 vit’toribuS,

675 2009 986 2090 statrem
999 2002 1094 2080 ad
1119 1996 1590 2102 iniquiffimas
1625 2019 1963 2100 quasque
1984 1995 2453 2076 conditiones
2478 1996 2791 2100 adigere,
2822 1995 2978 2079 nun
3004 2021 3255 2080 tamen
3282 2001 3383 2080 de

680 2111 778 2191 ab
951 2103 1108 2184 ndo
1147 2101 1254 2180 illi
1291 2103 1636 2180 Romano
1687 2097 2003 2202 imperio
2054 2098 2495 2201 cogitatum,
2542 2098 2668 2178 sed
2707 2101 3047 2205 pafflone
3100 2103 3384 2182 virdu-

687 2235 840 2294 nen
865 2239 925 2303 1,
973 2229 1336 2287 nemone
1365 2201 1436 2302 l)
1475 2203 1658 2279 teste
1681 2199 2165 2278 constitutum
2196 2201 2305 2278 est
2318 2249 2343 2294 ,
2388 2223 2474 2280 vt
2510 2199 2924 2298 Lwharius,
2966 2206 3097 2309 qui
3126 2227 3199 2282 et
3228 2233 3381 2286 ma-

689 2317 804 2394 ior
841 2332 1022 2390 natu
1061 2329 1228 2386 erat
1243 2327 1278 2401 ,·
1333 2326 1408 2382 et
1453 2326 1874 2383 mamma
1915 2303 2402 2405 adpeuabatm·
2414 2357 2438 2396 ,
2502 2303 2775 2382 medius
2810 2305 3007 2384 inter
3040 2329 3383 2415 vtrosque

679 2414 1054 2503 incedens,
1073 2417 1402 2509 ,rignum
1411 2405 1845 2505 sortiretur,
1894 2400 2339 2508 quodpostea
2362 2430 2455 2483 ex
2480 2406 2634 2483 eius
2660 2406 2993 2487 vocabulo
3010 2408 3386 2491 Lotharin-

685 2517 819 2623 gia
843 2531 1170 2591 vocatum
1177 2506 1286 2605 fit
1299 2562 1323 2601 ,
1351 2528 1720 2609 totamque
1752 2506 2197 2607 prouinciam
2211 2559 2233 2598 ,
2271 2532 2403 2586 nec
2426 2532 2561 2585 non
2600 2510 2843 2587 omnia
2864 2537 3091 2612 regna
3126 2515 3385 2603 Italiae

688 2642 858 2699 cum
881 2610 1032 2714 ipr
1082 2632 1392 2687 ROMANA
1447 2632 1646 2684 vans.
1785 2608 1989 2711 Qo·
2024 2632 2242 2710 erge,
2282 2632 2439 2685 non
2478 2606 2715 2687 dicam
2758 2611 2915 2688 iure
2933 2668 2957 2706 ‚
2986 2612 3109 2691 sed
3136 2615 3387 2693 colore

695 2736 988 2799 tantum
1009 2765 1034 2807 ,
1071 2710 1252 2787 viuo
1275 2706 1670 2801 LothariO,
1697 2706 2117 2811 Augustum
2154 2711 2623 2814 Imperatoris
2666 2736 2947 2793 nomen
2986 2714 3384 2795 adfetstafl'et

693 2836 1148 2907 ινυονιονε,
1198 2810 1546 2915 princeps
1569 2808 1736 2887 iusti
1759 2828 1840 2887 et
1869 2810 2091 2913 aequi
2126 2810 2672 2909 amantiffimuS,
2722 2836 2961 2917 quum
3006 2818 3191 2895 iflud
3240 2822 3379 2897 iam

673 2918 986 3030 pridem
1001 2913 1358 2995 Lothario
1385 2911 1722 3017 pafflone
1747 2908 2273 2991 sollemniffima
2306 2914 2573 2995 cetrum
2603 2916 2773 2997 estet
2786 2924 2823 2995 Ρ·
2864 2920 3007 2997 Sed
3032 2942 3111 2997 et
3137 2922 3383 2999 Ludo-

694 3024 874 3125 uioq
899 3020 992 3096 IL
1023 3020 1214 3119 Imp.
1255 3015 1380 3093 cui
1403 3014 1836 3110 LothariuS,
1885 3010 2165 3093 lacrum
2204 3015 2572 3123 oeligioqis
2611 3018 2939 3099 habitum
2979 3047 3227 3101 rerum
3252 3025 3383 3102 hu-

555 3178 566 3183 -
694 3142 1074 3205 manarum
1113 3116 1360 3195 medio
1389 3113 1800 3211 sumturuS,
1845 3116 2124 3197 Italiam
2150 3140 2319 3195 cum
2356 3122 2686 3224 Augusta
2715 3120 3067 3227 dignitate
3092 3126 3383 3205 addixe-

671 3246 808 3307 ·rat
817 3279 844 3317 ,
885 3236 1297 3321 numquam
1331 3218 1550 3295 status
1581 3216 2155 3297 controuerfiam
2187 3221 2436 3298 mouit
2482 3246 2889 3304 Lvnovtcvs
2938 3228 3222 3322 noster,
3248 3230 3383 3307 im·-

549 3382 556 3393 .
699 3351 834 3406 mo
863 3323 1116 3429 potius
1142 3320 1532 3399 amicitiam
1561 3344 1738 3399 cum
1781 3320 1912 3401 illo
1939 3343 2308 3425 perpetuo
2348 3321 2615 3417 coluit,
2664 3324 2929 3429 dignus
2968 3330 3143 3407 ideo
3190 3330 3384 3410 ‘visus

695 3423 1171 3530 imperatori,
1200 3444 1428 3523 quem
1448 3418 1791 3501 fratribus
1819 3420 1961 3500 suis
1984 3421 2205 3501 ferret
2246 3422 2635 3519 arbitrum,
2698 3454 2935 3529 quum
2970 3430 3043 3509 se
3071 3434 3150 3511 in
3190 3456 3269 3510 re
3366 3436 3384 3451 ‘

669 3570 678 3577 ·
699 3526 918 3635 patrii
943 3524 1338 3631 partitione
1363 3520 1631 3599 laesum
1659 3523 2119 3603 existimaret.
2159 3529 2271 3621 m)
2370 3526 2881 3632 Qamobrem
2905 3556 3047 3611 nec
3070 3556 3239 3611 toto
3262 3462 3389 3615 iffi:

667 3633 1078 3729 ;tempore,
1127 3648 1288 3738 quo
1316 3622 1748 3703 Ludouicus
1777 3624 1896 3703 ille
1922 3628 2021 3703 11.
2050 3625 2475 3730 imperauit,
2524 3630 2861 3711 nostrum
2898 3640 3025 3713 Au
3076 3637 3211 3715 usti
3252 3664 3387 3717 no-

661 3755 878 3815 =men
903 3726 1024 3809 vel
1059 3723 1190 3803 fibi
1231 3720 1658 3819 attribuisse,
1697 3724 1818 3804 vel
1865 3726 2297 3809 attributum
2350 3730 2437 3809 ab
2476 3728 2667 3830 aliis,
2748 3732 2995 3817 admis
3048 3740 3130 3833 e,
3176 3766 3391 3819 vero-

665 3872 690 3883 ·
1181 3863 1222 3873 -·
1532 3864 1542 3875 ·
3174 3839 3393 3923 fimile

685 4050 692 4058 .
851 3986 933 4087 k)
984 3990 1094 4059 De
1125 3982 1362 4059 diffens.
1395 3982 1586 4057 sistor.
1619 3988 1942 4075 Ludouici
1986 3992 2080 4065 Pii
2116 3993 2257 4069 Lib.
2298 4000 2485 4092 112p.
2522 4002 2679 4093 460.

847 4088 920 4179 1)
970 4090 1192 4161 Annal.
1219 4088 1303 4157 ad
1333 4110 1483 4182 anm·
1511 4100 1661 4173 842.
1700 4104 1709 4112 ·
2260 4088 2269 4095 ’
2588 4100 2595 4107 ’

847 4188 952 4287 m)
1004 4188 1602 4291 Animal-..Bertiniam
1641 4190 1730 4263 ad
1754 4212 1896 4273 ann.
1927 4199 2075 4280 856.
2209 4180 2219 4188 ’
