3825 4800
504 387 691 470 ua
724 371 1038 468 L'CAP.
1072 385 1175 469 v.
1204 385 1343 466 DE
1372 383 1749 466 Tvas
1780 375 1911 464 1N
1940 380 2350 468 Lvnov.
2387 387 2518 468 ΡΠ
2551 383 2906 468 ΡΑΜΕ.
2927 407 3072 470 ete.
3097 397 3234 490 863

508 596 589 654 et
610 573 1017 656 Ludouioo
1046 592 1348 652 nauatae
1386 566 1515 648 fibi
1544 595 1819 675 operae
1848 572 2258 674 praemium
2275 625 2299 665 ,
2325 595 2364 648 r
2507 571 2526 590 “
2571 597 3085 680 augmentum,
3113 574 3230 653 id-
3275 617 3280 624 -

502 701 659 780 que
697 673 1129 782 promiss'um
1166 674 1329 751 iure
1353 669 1689 777 quodam
1720 669 1853 750 suo
1865 671 1997 752 fibi
2027 697 2286 778 vrgere
2322 674 2394 752 vi
2449 675 2777 757 ebantur.
2833 723 2850 757 2
2879 679 3036 756 Iam
3091 703 3276 782 par-

502 797 697 858 trem
728 776 1037 882 quidem
1064 774 1325 854 stetiffe
1349 771 1709 880 promiffis
1723 829 1749 868 ,
1780 797 1857 853 et
1880 775 2270 878 Vtriusque
2295 801 2604 880 regnum
2629 777 2890 856 auxisse
2918 780 3226 862 testatur

502 905 957 960 mrnannvs:
990 881 1076 976 n)
1123 875 1249 956 sed
1284 897 1412 955 aut
1439 877 1781 982 priuatim
1812 877 1891 954 id
1931 875 2206 955 facium
2251 877 2390 956 effe
2423 900 2764 982 oportet,
2827 901 2952 958 aut
2979 905 3222 958 acees-

398 1002 405 1007 ·
500 980 605 1059 fio
654 981 775 1058 illa
820 1003 973 1059 tam
1002 979 1263 1083 exigua
1296 976 1441 1056 fuit
1453 1033 1479 1072 ,
1529 999 1617 1064 vt
1636 1001 1792 1056 non
1820 977 2194 1057 satisfieret
2218 980 2576 1058 iuuenum
2604 979 3216 1060 ferocissimorum

498 1081 908 1186 cupiditati.
956 1079 1211 1162 Saltim
1244 1078 1540 1158 fibinon
1562 1105 1724 1158 eam
1737 1080 2062 1184 gratiam,
2091 1105 2315 1184 quam
2343 1081 2676 1160 meruiffe
2706 1082 2827 1162 fibi
2845 1085 3214 1166 existima-

501 1183 703 1279 bant,
722 1185 1041 1278 relatam,
1070 1205 1385 1286 vterque
1400 1182 1861 1285 querebatur.
1963 1179 2391 1262 Accedebat
2427 1208 2676 1262 nouus
2705 1185 2784 1262 in
2893 1185 3069 1266 latio
3094 1193 3217 1287 ty-

496 1311 801 1380 rannuS,
848 1307 1331 1365 evnmtnvs
1349 1339 1373 1379 ‚
1401 1283 2044 1388 mouaclms,.qui,
2083 1283 2298 1387 quod
2337 1309 2480 1390 pro
2510 1212 2890 1364 liberal-»gg
2931 1289 3210 1392 princi-

494 1413 595 1494 pe
634 1388 997 1466 strenuam
1027 1411 1331 1492 operam
1380 1385 1729 1482 nauaffet‚
1767 1386 1850 1463 in
1878 1386 2034 1464 aula
2074 1386 2248 1464 loco
2271 1413 2630 1466 nmmum
2674 1387 3212 1484 dominabatur,

494 1489 969 1592 rationesque
1000 1513 1261 1566 omnes
1288 1515 1543 1568 rmum
1586 1509 1665 1565 et
1690 1513 2079 1581 Lvoovicr,
2127 1485 2200 1565 se
2233 1489 2480 1594 primo
2512 1490 2592 1567 in
2622 1491 3002 1594 posterum
3031 1490 3212 1578 loco

492 1589 691 1696 apud
717 1614 1005 1696 patrem
1035 1589 1327 1668 futuros
1342 1646 1367 1685 ,
1393 1589 1440 1667 s
1476 1590 1833 1668 erantium
1850 1645 1875 1685 ‚
1916 1589 2126 1668 facile
2165 1591 2510 1669 turbauit.
2545 1595 2629 1690 o)
2731 1593 2968 1698 Qod
3017 1594 3208 1672 adeo

493 1692 903 1770 momordit
929 1694 1276 1784 iuuenes,
1310 1714 1395 1769 vt
1451 1687 1565 1786 ese
1590 1718 1626 1769 a
1712 1693 1883 1770 atris
1927 1691 2242 1774 amicitia
2284 1691 2500 1795 plane
2529 1691 3011 1798 seiungerent.
3092 1697 3208 1774 A-

487 1793 769 1870 lienum
800 1819 839 1870 a
863 1809 1071 1898 patre
1096 1792 1425 1870 animum
1466 1793 1609 1870 iam
1654 1717 1807 1872 linc
1852 1791 2016 1898 ipso
2057 1818 2253 1872 anno
2293 1796 2870 1876 DCCCXXXI.
2917 1795 3208 1900 primus

484 1894 825 2003 prodidit
866 1920 1183 1976 mrrmvs
1197 1948 1220 1987 ,
1270 1893 1453 1971 dum
1484 1894 1573 1971 ad
1614 1895 1913 1972 comitia
1938 1894 2709 1976 Theodonisuillenfia
2749 1898 3003 1976 venire
3057 1897 3204 1977 ius-

213 2028 222 2037 *
352 1983 358 1988 ”
486 1999 605 2080 sus
625 2051 650 2091 ‚
726 2019 979 2100 parere
1052 1997 1377 2100 primum
1440 1995 1717 2090 noluit,
1800 1997 2246 2113 posteaque,
2299 1996 2966 2178 fiequentibuspsue
3010 2000 3204 2106 lega-

418 2153 425 2160 ·
484 2097 819 2178 tionibus
844 2094 1113 2192 πράως
1128 2150 1154 2190 ,
1202 2095 1593 2174 tardiffime
1636 2118 1713 2173 et
1758 2120 2002 2198 quum
2031 2123 2176 2174 iam
2206 2097 2494 2202 pridem
2536 2099 2822 2178 difflux1
2879 2124 2956 2178 et
3010 2128 3196 2208 pro-

488 2223 743 2277 cerum
792 2199 1213 2291 concilium,
1361 2198 1517 2274 ucis
1578 2219 1743 2276 ante
1796 2197 2108 2274 natalem
2155 2199 2432 2278 Christi
2494 2199 2756 2278 diebus
2807 2200 3062 2281 adfuit.
3111 2205 3202 2306 p)

484 2303 897 2406 Imperator
948 2323 1223 2378 nouam
1328 2323 1469 2378 ane
1508 2299 1981 2405 pertinaciam
2057 2324 2266 2405 aegre
2331 2299 2614 2396 ferens',
2684 2327 2858 2384 eum
2929 2329 3196 2409 parum

484 2404 940 2498 honorifice,
988 2403 1171 2480 teste
1217 2428 1697 2495 ΑΝΝΑωνΜ
1748 2426 2518 2482 BERTleANORvM
2549 2403 2938 2489 conditore
2979 2420 3198 2485 exce-

478 2510 730 2612 perat,
780 2528 857 2583 et
886 2505 1207 2583 inuitum
1236 2504 1537 2597 diutim,
1588 2527 1813 2607 quam
1827 2500 2072 2598 vellet,
2097 2503 2342 2608 inquis
2430 2506 2546 2582 ani
2579 2506 2910 2599 detinere
2935 2508 3196 2586 decre-

478 2628 707 2686 uerat.
752 2614 865 2687 At
876 2607 1001 2683 ille
1022 2630 1271 2687 morae
1286 2604 1703 2709 impatienti,
1716 2605 2022 2689 ineunte
2044 2609 2334 2684 annoD
2409 2609 2875 2688 CCXXXII.
2897 2609 3058 2713 ipso
3071 2610 3199 2688 In-

480 2708 917 2789 nocentium
950 2708 1095 2805 die,
1156 2706 1593 2811 intempesta
1624 2706 1845 2785 nodie
1897 2733 1941 2783 e
1970 2706 2241 2811 palatio
2282 2730 2656 2812 tamquam
2699 2736 2743 2787 e
2771 2734 3055 2789 carcere
3072 2712 3194 2791 fu-

474 2812 583 2919 git
598 2865 624 2906 ,
674 2834 751 2889 et
776 2809 1193 2889 inconsulto
1276 2830 1427 2887 atre
1454 2808 1674 2887 rediit
1714 2808 1793 2886 in
1831 2810 2336 2911 Aquitaniam.
2486 2811 2662 2889 Dici
2706 2838 2864 2891 non
2904 2814 3192 2918 potest,

334 2967 343 2975 -
474 2936 703 3015 quam
728 2936 811 2989 ea
837 2936 953 2990 res
983 2924 1239 3028 pertur
1290 2912 1423 2988 arit
1522 2909 1695 2989 atris
1733 2909 2100 3004 animum,
2149 2937 2378 3026 quem
2427 2913 2694 3015 prioris
2735 2914 3193 3017 ignominiae
3281 2953 3292 2984 ι

472 3013 831 3093 memoria
858 3012 1044 3089 nihil
1100 3010 1475 3089 moderabi
1502 3036 1545 3086 e
1591 3010 1872 3113 sperare
1906 3036 1947 3087 a
1986 3032 2136 3103 tam
2171 3011 2530 3089 insolente
2561 3013 2722 3105 filio
2844 3015 3188 3096 tiebatur.
3286 3024 3297 3031 “

472 3114 733 3195 Statim
762 3138 943 3217 ergo
972 3111 1139 3191 suos
1160 3168 1185 3208 ,
1235 3110 1423 3215 quid
1447 3108 1639 3189 faetu
1664 3135 1859 3215 opus
1888 3110 2258 3207 videatur,
2325 3111 2701 3192 consulere
2743 3142 2822 3193 m
2849 3114 3186 3195 medium

472 3217 705 3294 iubet.
801 3214 1125 3298 Suadent
1152 3238 1440 3307 omneS‚
1490 3234 1577 3289 vt
1602 3212 1901 3289 comitia
1925 3210 2498 3316 frequentiffima
2530 3217 2970 3297 Aurelianos
2987 3216 3182 3295 indi-
3229 3302 3234 3307 ,

472 3342 623 3413 cat,
672 3316 763 3396 ad
789 3340 1025 3419 eaque
1068 3338 1147 3393 et
1181 3314 1625 3393 Lotharium
1648 3338 1747 3391 ex
1783 3314 2016 3407 Italia,
2068 3335 2145 3391 et
2187 3314 2664 3395 Ludouicum
2710 3344 2804 3396 ex
2838 3320 3184 3399 Boioaria
3295 3368 3303 3371 -

468 3441 763 3499 euocet.
861 3422 951 3497 In
977 3417 1089 3497 his
1106 3472 1131 3513 ,
1172 3414 1304 3495 nifi
1332 3416 1688 3521 Pippinus
1720 3413 2072 3521 imperata
2094 3412 2341 3511 faciat,
2391 3417 2830 3521 capiendum
2847 3420 2984 3497 este
3000 3446 3184 3499 con-

467 3522 729 3617 filium,
784 3544 927 3600 nec
974 3516 1267 3597 difficile
1282 3506 1481 3613 fore,
1554 3540 1751 3611 eum,
1781 3516 2213 3621 priusquam
2249 3516 2698 3623 ingrauescat
2733 3521 3034 3616 malum,
3079 3522 3178 3601 de
3229 3611 3236 3621 ‚

468 3624 885 3719 communis
912 3644 1306 3727 procerum
1338 3618 1687 3701 sententia
1725 3622 1811 3699 in
1850 3618 2190 3697 ordinem
2227 3644 2514 3727 cogere.
2658 3623 2748 3701 Id
2791 3620 3178 3702 confilium

466 3748 545 3808 et
570 3725 1007 3834 Imperatori
1034 3724 1317 3835 placet,
1362 3722 1497 3827 qui
1524 3722 1769 3803 statim
1810 3718 2036 3803 miffis
2079 3716 2566 3829 legationibus
2599 3744 2678 3805 et
2710 3722 2962 3805 edidis
2995 3748 3178 3907 prp-

601 4041 677 4129 n)
722 3982 866 4110 Lib.
904 4040 962 4109 1.
1006 4058 1076 4129 p.
1116 4054 1257 4127 437.

608 4143 685 4230 o)
728 4138 1035 4213 Nithard.
1074 4137 1238 4208 ibid.
1516 4170 1525 4177 ·

602 4247 681 4341 p)
728 4242 891 4319 Vita
920 4238 1183 4316 Ludou.
1210 4236 1309 4313 Pii
1338 4259 1407 4333 p·
1440 4235 1863 4341 396·.A¹¹⁰⁸¹·
1882 4237 2062 4313 Bett.
