3825 4800
583 363 597 376 ’
705 431 860 528 ςισ·
1452 409 1818 492 εοῡεκ
1853 409 2659 493 DIPLOMAHCVS·
2781 390 2796 396 “
2851 485 2861 492 .

712 611 894 692 Hoc
917 605 1117 683 enim
1155 595 1678 675 monasterium
1721 613 2293 698 ntvs'rmssmvs
2338 617 2689 688 tumens,
2736 611 2813 670 et
2834 613 2971 696 per
2994 591 3243 672 omnia·
3268 615 3417 670 no-

712 713 826 791 bis
867 729 942 785 et
965 724 1198 808 regno
1231 697 1467 774 fidelis
1508 719 1876 774 arnnacvs
1922 695 2205 770 Comes
2230 691 2539 794 eiusque
2586 691 3087 797 fipientiffirna
3128 695 3417 772 coniux

712 831 1036 894 mmmm
1077 799 1381 896 nomine
1398 852 1422 890 ,
1482 791 1786 872 consilio
1828 793 2045 870 diuae
2088 794 2481 869 memoriae
2533 793 2843 871 Domini
2888 817 3119 872 staca
3170 797 3418 898 Papae

715 933 794 992 et
827 908 1080 988 nostro
1107 895 1458 980 consensu
1488 895 1826 973 Domino
1858 895 2031 970 Deo
2062 891 2605 987 vainei-sorum,
2654 914 3053 998 perpetuae
3111 919 3204 972 ue
3236 896 3419 973 Vir-

669 1103 686 1112 ,
713 1014 866 1120 gini
891 1013 1150 1088 Beatae
1181 998 1456 1079 Mariae
1497 997 1576 1073 in
1627 995 1953 1072 honores
1980 989 2297 1170 ¹pretioli
2332 994 2667 1094 martyris
2707 1019 3015 1072 Annum
3108 1019 3151 1069 e
3184 996 3417 1097 patri-

714 1111 1148 1192 moniorum
1181 1100 1482 1180 suorum
1529 1095 1734 1176 iustis
1779 1093 1979 1198 poffe
2034 1094 2327 1172 ionibus
2368 1095 2485 1198 pia
2533 1093 2939 1170 deuotione
2980 1093 3417 1174 oonstmxe-

669 1229 922 1303 ‘runt‚
987 1229 1067 1290 et
1119 1203 1220 1282 ob
1253 1198 1506 1280 'irrefra
1597 1195 1740 1274 bile
1800 1195 2364 1286 stabilimentum
2420 1197 2761 1288 omnium,
2806 1191 3409 1288 rerumsuarum,

719 1337 902 1421 quas
929 1303 1410 1390 immobiliter
1441 1299 1544 1376 ibi
1584 1295 2057 1374 contulerunt
2100 1297 2271 1376 Deo
2320 1293 2653 1372 dileehm
2696 1291 2919 1372 filiam
2972 1290 3168 1371 suam
3196 1315 3411 1374 ‘mcx-

713 1439 1054 1506 mmmm,
1105 1429 1329 1509 quam
1359 1399 1638 1479 meritis
1667 1395 1997 1474 eiusdem
2028 1391 2314 1499 glorioli
2344 1395 2673 1496 martyris
2710 1395 2929 1474 vnico
2954 1396 3269 1500 pignore
3300 1394 3409 1474 so-

713 1519 859 1598 lam
891 1509 1238 1590 heredem
1269 1503 1532 1598 habere
1564 1517 2007 1588 meruerant,
2058 1498 2395 1576 Domino
2436 1497 2709 1574 ibidem
2742 1497 3099 1598 virginem
3144 1495 3405 1574 fimum

715 1620 1184 1698 <leuauerunt
1201 1661 1222 1704 ².
1269 1603 1578 1703 primam
1619 1619 1931 1698 quoque
1964 1595 2111 1673 loci
2153 1591 2553 1673 abbatissam
2598 1595 2757 1672 fieri
2798 1594 3225 1694 sanxerunt,
3308 1599 3403 1674 ob

717 1709 1253 1798 conciliandum
1280 1725 1464 1778 vero
1494 1697 1939 1774 munimenti
1960 1695 2179 1774 fidele
2208 1697 2697 1800 patrocinium
2728 1715 2807 1772 et
2830 1713 3295 1800 oportunum
3330 1699 3412 1778 in

773 1815 1053 1894 osteros
1081 1801 1404 1914 praesidii
1439 1825 1520 1876 ae
1549 1793 1947 1875 securitatis
1976 1821 2112 1902 per
2134 1799 2380 1875 omnia
2426 1796 2867 1892 beneficium
2908 1797 3001 1873 ad
3040 1799 3410 1901 principa-²

743 1943 864 1998 em
893 1911 1166 1994 sanetae
1195 1895 1764 1986 Hildesemenfis
1798 1897 2145 1976 Ecclesiae
2172 1897 2416 1975 sedem
2444 1899 2523 1975 in
2548 1898 2795 1975 beatae
2828 1898 3099 1975 Mariae
3120 1897 3395 2014 semper

715 2013 1044 2122 Virginis
1073 2005 1491 2089 tutiffimam
1593 1997 2072 2079 rotefflonem
2118 2000 2467 2076 eumdem
2520 1998 2768 2076 locum
2808 1995 3013 2076 fimul
3054 2019 3227 2088 cum
3254 2001 3387 2075 iuis

697 2117 1065 2200 ‚omnibus
1105 2107 1476 2187 oblatione
1537 2100 1787 2198 olenni
1823 2099 1951 2206 spe
1986 2099 2409 2177 fisturorum
2453 2099 2825 2176 bonomm
2866 2099 3395 2193 tranlhrierunt,

719 2248 818 2304 eo
839 2219 1103 2298 scilicet
1127 2210 1381 2318 Ραὲἲο,
1426 2229 1511 2283 vt
1538 2202 1683 2280 fine
1719 2201 2167 2306 praeiudicio
2198 2223 2323 2278 aut
2362 2199 2467 2276 im
2720 2219 2900 2276 ento
2923 2221 3257 2292 'amnon
3292 2225 3393 2278 ενι

720 2319 1058 2403 consultu
1091 2335 1166 2392 et
1192 2306 1459 2390 affensu
1481 2304 1822 2409 benigno·
1855 2301 2473 2380 earumdem'anci
2503 2301 2729 2394 larum
2774 2295 3051 2380 Christi

715 2424 918 2533 gatio
952 2416 1303 2525 personae
1333 2410 1456 2489 fibi
1487 2406 1979 2512 competentis
1994 2406 2071 2481 in
2087 2401 2751 2482 Domino‘liberam
2776 2400 3213 2480 eieffionm
3226 2325 3395 2481 iem-

717 2550 854 2634 per
907 2520 1254 2606 habeant,
1332 2532 1555 2687 εῑῗὲιε
1596 2506 1724 2589 sub
1770 2507 1925 2582 eius
1957 2524 2249 2609 paterna
2296 2502 2713 2581 defenfione
2754 2495 2873 2579 sua
2910 2504 3161 2581 omnia
3204 2504 3393 2583 firma

716 2624 969 2731 quiete
997 2640 1073 2695 et
1099 2618 1410 2693 inconeu
1469 2634 1502 2685 a
1537 2605 1922 2683 stabilitate
1958 2604 2313 2708 perhenni
2358 2628 2539 2710 pace
2576 2602 3017 2709 poffideant‚
3072 2604 3169 2683 ad
3210 2608 3391 2683 tefli·

715 2719 1055 2805 monium
1081 2715 1298 2794 huius
1327 2705 1767 2787 fideliflimae
1808 2706 2111 2783 astionis
2154 2704 2244 2781 ad
2278 2706 2633 2783 iudicium
2680 2704 2997 2783 veritatis
3036 2728 3119 2781 et
3140 2730 3391 2783 monu-

719 2810 1056 2923 mentum
1097 2813 1384 2923 pietatis
1429 2804 1863 2887 tradendum
1919 2806 2227 2908 posteris
2290 2802 3027 2905 Dominus.Alfi·idus
3070 2806 3385 2903 Hildese-

713 2922 974 3007 menfis
1015 2914 1294 3001 Praesul
1337 2908 1756 2991 venerabilis
1809 2906 2188 2983 communi
2236 2902 2585 2985 consensu
2624 2906 3206 3011 congregationis
3252 2906 3391 2986 suae

713 3034 794 3107 in
818 3020 1276 3127 beneplacito
1308 3014 1541 3093 totius
1565 3006 1918 3087 Ecclefiae
1948 3006 2110 3084 suae
2141 3003 2285 3111 pro'
2310 3027 2703 3112 augmento
2722 3006 3085 3084 seruitutis
3118 3008 3395 3089 diuinae

717 3132 814 3209 de
845 3148 1066 3205 manu
1091 3118 1210 3197 sua
1237 3116 1478 3193 eidem
1503 3113 1673 3187 loco
1691 3108 2008 3184 decimas
2034 3106 2249 3184 banni
2282 3106 2820 3187 suiauoestoritate
2837 3106 3203 3187 firmando
3232 3134 3393 3189 con-

719 3224 1054 3317 tradidit,
1101 3244 1242 3324 pro
1337 3216 1548 3292 uibus
1579 3234 1826 3287 tamen
1864 3208 2023 3285 viee
2054 3212 2378 3302 aeterna,
2412 3210 2419 3228 '
2451 3210 2635 3287 vtin
2680 3234 2861 3315 pace
2902 3210 3095 3287 bona
3128 3214 3394 3290 vtrobi-

773 3324 1254 3429 tie-sapienter
1309 3314 1587 3411 nauiter
1645 3336 1736 3385 ue
1763 3306 2321 3413 disponerentur
2344 3312 2629 3405 omnia,
2654 3312 2769 3387 'de
2800 3310 3005 3389 Dote
3053 3312 3243 3389 illius
3270 3316 3396 3391 Ec-

718 3458 764 3509 c
789 3428 966 3507 efiae
996 3422 1376 3528 praecipua
1397 3441 1595 3525 quae
1652 3438 1764 3486 am
1810 3410 2097 3513 praedia
2126 3434 2297 3489 cum
2341 3412 2682 3513 aedificiis
2723 3408 2867 3489 suis
2912 3412 2993 3489 in
3026 3413 3399 3491 Hildense-

719 3526 1098 3611 mensibus,
1127 3518 1432 3623 Campis
1475 3539 1550 3591 et
1587 3515 1660 3589 in
1703 3538 1914 3589 vnna
1964 3537 2436 3607 onemtvsffi,
2497 3536 2865 3615 qraeterea
2915 3528 3217 3591 omnem
3258 3518 3396 3592 Fo-

717 3629 978 3709 loberti
1036 3616 1686 3722 constirpationem
1729 3616 2010 3717 recepit
2067 3614 2645 3717 (Wolpetode.)
2764 3614 3283 3693 ‘Nihilominus
3326 3640 3399 3692 et

718 3730 868 3819 hoc
891 3720 1404 3809 inuiolabiliter
1430 3714 1778 3795 sancitum
1813 3716 1957 3808 est,
2020 3738 2103 3789 ac
2138 3712 2581 3791 sacramento
2632 3713 2997 3793 firmatum
3034 3716 3182 3811 est,
3228 3738 3311 3794 vt
3350 3716 3399 3793 fi

721 3828 1060 3934 quando,
1135 3814 1999 3931 ‘machinantelpiabolm
2078 3814 2517 3917 malignitate
2556 3838 2953 3917 prauorum
3015 3816 3399 3899 hominum

714 3928 1048 4008 temerari
1071 3924 1328 4003 contin
1375 3942 1446 4002 at
1471 3918 1658 3999 hanc
1692 3913 2141 4019 pontificalis'
2162 3916 2369 3991 Doni
2412 3916 2982 4016 comestionem,
3031 3916 3150 3997 illa
3188 3920 3397 3997 etiam

719 4054 816 4107 ex
847 4031 1136 4129 integro
1175 4022 1268 4100 ad
1361 4020 1536 4099 idiae
1579 4014 1929 4095 Ecclefiae
1974 4014 2174 4107 suae,
2239 4016 2467 4093 cuius·
2488 4014 2625 4095 dos
2668 4038 2909 4112 erant,
2988 4018 3395 4121 primariam

717 4126 1028 4208 redeunt
1059 4122 1564 4230 posseffionem
1591 4142 1766 4197 cum
1793 4114 2135 4193 omnibus
2166 4114 2513 4196 aedificiis
2558 4118 2701 4198 suis
2734 4138 2827 4199 et
2852 4118 3157 4198 culturis
3166 4176 3194 4217 ‚
3263 4122 3397 4198 im·

1127 4261 1144 4278 ·
1668 4235 1684 4251 ⁸
2168 4237 2177 4250 '
3160 4220 3395 4300 mobi-
