3825 4800
443 425 656 508 Lm.
679 395 758 506 12·
773 353 1000 506 (ΞΑΡ.
1032 425 1145 506 v.
1183 357 1323 505 m
1351 423 1723 506 Tvnms
1747 419 1874 504 1N
1899 416 2467 506 Lvnov.1>11
2500 423 2849 511 FAmL.
2879 445 3019 507 ete„
3035 441 3170 530 379

469 613 712 693 adhuc
767 625 1144 689 tvno‘vrco
1183 605 1623 714 Imperatori
1663 605 2159 706 seruauerant,
2209 633 2588 718 tamquam
2631 611 3173 716 perturbatores

464 709 1098 824 pacis·hostesque
1123 711 1564 815 reipublicae
1595 710 1898 790 accuiari
1928 711 2157 809 iuffit,
2206 739 2401 818 quos
2434 711 2743 819 periculi
2794 736 3037 792 metus
3066 713 3173 804 faf-

465 819 604 896 cile
638 815 952 918 subegit,
983 835 1068 890 vt
1093 837 1347 890 manus
1377 812 1634 890 darent
1659 837 2075 909 romantio,
2106 837 2183 894 et
2209 813 2649 920 obsequium
2679 816 2757 892 in
2786 815 3171 918 posterum

427 917 934 1001 'iureiurando
1017 916 1503 992 remitterent.
1601 916 1951 1018 Denique
1988 937 2066 994 et
2090 915 2240 1022 ipse
2292 939 2503 1024 pater
2536 918 2613 996 in
2640 916 2967 996 consess'u
2992 917 3173 1021 Epi-
3309 968 3319 976 -

459 1025 860 1128 scoporum
979 1017 1384 1094 urimorum
1421 1017 1815 1096 criminum
1855 1019 2196 1096 aduersus
2232 1017 2600 1097 ecclesiam
2656 1041 2733 1096 et
2768 1017 3173 1122 rempubli-

463 1149 624 1203 cam
653 1119 844 1198 admi
900 1143 1120 1195 orum
1151 1115 1553 1213 accusatur,
1605 1120 2068 1224 petiturque,
2108 1141 2197 1214 vt
2234 1120 2327 1199 a'd
2350 1121 2881 1228 poenitentiam
2930 1118 3169 1222 publi-
3276 1127 3291 1142 ‘

464 1251 625 1305 cam
671 1243 748 1300 et
782 1223 1212 1298 eanonicam
1361 1245 1400 1298 r
1425 1226 1668 1297 totam'
1715 1220 1941 1308 vitam
1972 1222 2325 1328 agendam
2362 1219 2886 1326 episcoporum
2930 1217 3172 1313 suffra,

515 1329 600 1406 ‘is
629 1325 1052 1418 damnetur,
1084 1322 1160 1400 id
1185 1348 1228 1399 e
1305 1377 1328 1417 ,
1355 1343 1440 1400 vt
1469 1322 1573 1424 illi
1601 1319 1763 1426 spes
1806 1323 2051 1402 omnis
2091 1321 2565 1441 recuperandi
2595 1324 2887 1426 imperii
2918 1324 2999 1402 in
3026 1347 3168 1426 po·
3296 1355 3303 1362 ⁸

461 1357 738 1510 {erum
764 1425 1240 1532 praecidatur.
1283 1429 1367 1524 o)
1464 1429 1908 1528 Numquam
1943 1423 2434 1504 detestabilius
2468 1424 3027 1504 conciliabulum
3056 1423 3167 1500 vi-

463 1532 579 1612 dit
603 1527 890 1606 ecclefia
909 1559 957 1622 ,·
985 1534 1208 1630 quam
1241 1525 1420 1604 illud
1438 1526 2061 1631 Compendiense,
2084 1529 2163 1606 in
2190 1549 2351 1645 quo
2376 1527 2482 1604 im
2538 1525 2741 1621 ietaS,
2770 1525 2955 1643 quid
2985 1547 3167 1631 pos—

465 1633 587 1728 fit,
609 1628 906 1708 videtur
935 1653 1029 1705 ex
1087 1651 1256 1706 etta.
1355 1632 1561 1707 Nam
1594 1653 1690 1712 ne
1731 1653 1772 1704 e
1827 1628 2057 1737 iscopi
2094 1631 2439 1733 quidem,
2530 1626 2853 1708 eneficiis
2902 1651 3165 1732 quam·

461 1733 800 1843 plurimis
830 1754 1064 1809 ornati
1081 1732 1673 1836 ab·Imperatore,
1691 1729 1908 1808 vlam
1958 1732 2343 1836 aequitatis
2379 1731 2745 1808 habebant
2782 1729 3173 1806 rationem.

460 1861 673 1940 1:330,
721 1831 1344 1938 Archiepiscopus
1373 1831 1796 1909 Rhemenfis
1814 1888 1838 1927 ,
1867 1833 2016 1912 vile
2050 1833 2230 1910 olim
2258 1833 2749 1938 mancipium,
2779 1851 2857 1908 et
2884 1831 3017 1934 qui
3046 1827 3171 1908 so·-
3273 1909 3295 1920 ‚

459 1939 514 2020 li
541 1941 651 2033 Lm
753 1935 972 2012 ratori
1012 1956 1287 2040 tantam
1329 1933 1760 2037 dignitatem
1799 1961 1884 2012 ac
1920 1935 2293 2013 formnam
2332 1933 2687 2028 debebat,
2714 1937 2803 2038 p)
2842 1931 3175 2011 libellum

462 2065 546 2119 ac
669 2037 932 2115 ationis
947 2036 1080 2114 alta
1112 2061 1302 2114 voce
1318 2038 1659 2138 intonans
1689 2037 1985 2140 publice
2012 2035 2385 2144 praelegit.
2485 2039 2733 2116 Patres
2768 2033 3063 2113 concilii
3087 2029 3175 2109 il-

463 2143 610 2222 lico
661 2164 872 2217 vrnas
915 2159 1229 2216 mouent
1253 2194 1278 2233 ,
1337 2161 1416 2216 et
1458 2139 1874 2245 principem
1902 2138 2312 2218 inauditum
2342 2137 2433 2214 ad
2458 2135 3051 2244 publicam-illam
3090 2153 3175 2210 et

463 2239 1446 2348 canonicam-poenitentiam
1480 2264 1616 2358 per
1640 2265 1949 2320 ornnem
1972 2241 2196 2318 vitam
2227 2237 2615 2343 agendam,
2648 2237 3175 2318 condemnant.

476 2345 778 2427 Certior
820 2341 1148 2421 de'fe'rali
1193 2339 1541 2420 sententia
1573 2339 1942 2439 reddituS,
1993 2339 2441 2421 sueffionem
2470 2340 2805 2435 ducitur,
2834 2359 3167 2441 eumque

461 2448 755 2551 sequuti
781 2448 842 2525 E
897 2444 1125 2549 ifflopi
1157 2446 1576 2540 hortantur,
1613 2466 1696 2522 vt
1871 2445 2254 2525 nitentiam
2284 2440 2481 2522 illam
2507 2443 2773 2521 humili
2802 2439 2951 2523 obs
3034 2438 3173 2515 uio

466 2551 707 2631 obeat.
801 2468 934 2627 life
959 2546 1139 2627 nihil
1165 2546 1624 2651 obloquutus
1641 2602 1666 2644 ,
1725 2576 1770 2628 e
1795 2547 1886 2627 ad
1918 2550 1999 2629 id
2023 2568 2357 2653 paratum
2386 2544 2524 2626 esse
2550 2544 2967 2653 respondet,
3038 2564 3175 2661 um

886 2669 1014 2737 ’,·
2966 2664 3179 2753 pnus

472 2868 484 2877 “
616 2858 697 2953 o)
745 2859 1144 2932 Poenitentia
1173 2861 1275 2933 illa
1299 2884 1422 2955 per
1461 2884 1724 2934 omnem
1763 2859 1963 2932 vitam
2010 2864 2253 2957 agenda
2294 2862 2454 2934 nihil
2500 2860 2671 2933 aliud
2717 2874 2894 2937 erat,
2969 2874 3167 2945 quam

519 3044 528 3053 ,
557 3010 568 3019 ·
725 2982 740 2995 ’
763 2980 1080 3059 perpetua
1113 2964 1192 3031 ab
1224 2964 1503 3056 imperio
1535 2962 1847 3034 exclusio.
1952 2966 2157 3059 Quod
2192 2967 2363 3035 reae
2390 2965 2691 3033 obse-ruat
2740 2958 2923 3027 Vitae
2959 2958 3169 3023 Ludo-

637 3086 645 3096 ·
769 3062 905 3134 uici
931 3063 1042 3131 Pii
1067 3064 1280 3132 anaor
1295 3082 1364 3150 p.
1414 3088 1546 3151 400.
1555 3062 1743 3157 fiqu·
1850 3064 2177 3145 Vere-ntes,
2238 3065 2491 3157 inquit,
2534 3057 2805 3157 steleris
2846 3053 3171 3149 conspira-

770 3184 936 3235 tores
969 3164 1280 3247 inauditi,
1327 3168 1410 3233 ne*
1433 3165 1620 3259 versit
1645 3166 1786 3234 vice
1814 3162 2163 3258 retrolapsb
2177 3160 2539 3257 firrentur,
2558 3161 2739 3252 gesta
2761 3180 2925 3251 quae
2936 3172 3169 3245 erant.-

758 3266 1016 3349 callido,
1070 3284 1146 3336 vt
1164 3266 1296 3360 fibi
1323 3264 1529 3360 vifiem
1559 3267 1644 3357 est
1660 3318 1680 3349 ‚
1733 3292 1870 3335 cum
1913 3268 2235 3357 aliquibus
2265 3264 3015 3360 Epifioporum‘vtnntur
3053 3280 3167 3325 ar·-

764 3386 1062 3459 gumento
1076 3420 1095 3451 ,
1142 3385 1218 3437 vt
1243 3374 1321 3437 de
1347 3370 1476 3450 his,
1537 3374 1618 3437 de
1645 3370 1869 3459 quibus
1901 3370 2032 3437 iam
2066 3369 2536 3455 poenitudinem
2571 3360 2845 3460 gofferat
2880 3365 3171 3463 Impera-

615 3468 620 3475 ’
763 3490 898 3551 tor,
947 3471 1176 3538 iterum
1205 3470 1463 3557 publica
1482 3471 1907 3555 poenitentia,
1957 3470 2157 3538 armis
2204 3468 2500 3563 depofitis
2548 3482 3167 3539 ιιιιιενοοΑΒιιι-Γεκ

765 3576 1212 3665 quodammodo
1277 3568 1564 3663 ecclefiae
1603 3570 1995 3667 fittisfacere
2049 3573 2459 3641 iudicaretur.
2556 3572 2757 3639 Vnde
2798 3586 2871 3639 et
2915 3566 3171 3633 Calmet

765 3678 928 3744 dans
953 3678 1000 3740 Γ
1031 3671 1280 3762 histoire
1305 3678 1386 3741 de
1414 3675 1721 3741 Lorraine
1747 3674 1892 3745 Liu.
1922 3676 2104 3743 XIII.
2126 3691 2198 3761 p.
2227 3680 2353 3759 650.
2398 3674 2571 3746 reae
2605 3670 2825 3745 scribit
2842 3690 2866 3736 .·
2932 3670 3014 3735 Ce
3056 3663 3173 3755 qui

638 3788 658 3799 ”
765 3774 917 3843 ἑτοὶι
927 3796 1050 3842 vne
1071 3774 1260 3841 vraie
1285 3774 1700 3863 degradation
1715 3780 1792 3844 de
1820 3781 1868 3867 ζ’
1895 3776 2153 3861 Empire
2164 3800 2197 3861 ,·
2246 3781 2305 3843 le
2340 3775 2477 3845 loix
2505 3778 2584 3843 de
2601 3778 2647 3839 Ρ
2674 3765 2890 3863 Εςὶξβ·
2924 3790 3001 3835 ne
3010 3783 3170 3853 per-

768 3892 1039 3943 mettant
1053 3892 1184 3961 pm
1207 3898 1247 3942 a
1272 3900 1360 3943 vn
1388 3873 1886 3969 hommefidmis
1911 3900 1953 3946 a
1981 3877 2398 3964 laspenitence
2425 3875 2790 3964 somnique,
2830 3874 2916 3939 de
2924 3866 3012 3963 st
3040 3866 3169 3936 m?-

775 3978 876 4045 Ie'r
897 3982 983 4046 du
999 3994 1493 4065 gouvernement
1527 3978 1598 4045 ni
1637 3982 1748 4045 des
1783 3980 2047 4073 affair-es
2070 3978 2425 4068 publiques.
2548 3977 2717 4046 Tam
2763 3974 2989 4046 callide
3030 3968 3169 4042 sce·

762 4075 910 4149 iiam
949 4080 1340 4150 instruxerat
1385 4100 1772 4151 tornamvs
1791 4134 1813 4164 ,
1890 4101 1969 4152 vt
2008 4102 2079 4152 et
2128 4102 2336 4175 regno
2392 4081 2764 4173 prium-etur
2808 4094 3037 4166 pater,
3096 4090 3173 4147 et

757 4179 948 4251 'omni
981 4180 1094 4272 spe
1121 4182 1280 4251 illud
1317 4204 1627 4271 vmquam
1652 4185 2087 4281 recuperandi
2129 4201 2464 4256 aeternum
2493 4181 2649 4255 cxci

605 4280 694 4389 p)
735 4284 1036 4389 'ifhegam
1067 4284 1228 4379 Cap.
1261 4284 1648 4357 xxxxun.
1801 4314 1807 4321 ·
2346 4310 2357 4319 ·
