3825 4800
600 373 725 451 ωε
908 340 1435 451 ‘HisToiuA
1480 289 2156 461 EDICTonM
2211 344 2358 437 ET
2401 354 2778 439 Eme-Ti
2816 358 3097 453 pm.

488 596 509 604 -
610 546 755 633 aab.
788 541 941 645 test.
970 548 1139 623 null.
1184 539 1441 641 exstab.·
1538 545 1825 623 Annon
1860 540 2042 621 haec
2070 562 2326 623 contra
2365 544 2618 651 leges?
2665 542 2982 626 Minime
2995 598 3020 641 ‚
3081 543 3340 649 inqui-¹

608 670 785 745 unt,
884 648 1009 827 pila
1038 645 1375 749 quamuis
1402 646 1541 724 hae
1578 646 2080 749 emancipatos
2135 672 2296 727 non
2339 650 2626 726 vocent·
2635 700 2662 741 ‚
2725 666 2978 731 tamen
3017 672 3154 724 eos
3187 670 3330 725 nec

598 775 802 857 ·expr
871 778 880 825 ς

898 776 959 827 is
988 744 1684 855 verbis'excluduiit.
1782 752 1988 827 Nam
1999 746 2085 846 fi
2097 737 2224 827 'lex
2236 804 2261 844 ‚
2309 750 2438 829 vel
2459 752 2584 828 SC.
2613 750 2738 846 vel
2776 746 3169 847 constitutio
3213 774 3330 827 ca-

598 877 781 961 pere
807 848 1278 931 hereditatem
1355 848 1708 929 rebiberet
1719 904 1743 945 ‚
1798 872 1873 927 et
1906 851 2240 929 bonorum
2321 848 2556 1031 csisseffla
2587 847 2898 953 astaret.
2946 854 3002 931 l.
3035 878 3127 931 ιε.
3167 852 3236 950 §.
3279 877 3330 928 ι.

612 956 727 1043 D.
756 955 843 1033 de
880 955 1031 1031 bon.
1046 948 1231 1057 poffie
1280 1007 1299 1028 .
1398 954 1559 1055 Ego
1586 977 1772 1029 vero
1809 950 1932 1027 vel
1973 874 2324 1056 studipigi
2381 979 2614 1033 unum
2653 950 2924 1031 ferrem
2963 954 3337 1047 iudicem,

614 1081 865 1137 annon
896 1081 1065 1133 vere
1108 1054 1605 1159 emancipatos
1650 1050 2085 1157 excluserint
2118 1054 2559 1150 decemuiri,
2639 1056 2823 1133 dum
2864 1056 2949 1134 iis
2987 1050 3336 1162 praeferri

613 1152 1015 1237 voluerunt
1044 1154 1343 1260 agnatos
1357 1210 1381 1251 ‚
1432 1177 1513 1233 et
1534 1180 1784 1251 annon
1820 1178 2124 1261 praetor
2141 1210 2165 1251 ,
2217 1158 2350 1260 qui
2398 1182 2532 1253 eos
2577 1140 3060 1253 nihilomiuus
3100 1156 3334 1235 admi·

612 1258 737 1356 fit,
784 1256 991 1338 saluis
1018 1258 1259 1337 verbis
1286 1256 1535 1363 legum
1550 1313 1575 1353 ‚
1624 1282 1871 1335 earum
1896 1254 2328 1337 sententiam
2353 1260 2970 1353 circumueneiit?
3017 1260 3105 1339 Id
3149 1282 3332 1336 vero

616 1387 777 1453 non
801 1358 909 1438 est
937 1382 1190 1439 contra
1233 1358 1429 1463 leges
1468 1356 1752 1461 facere?
1820 1361 1924 1439 T·
1981 1359 2176 1439 erius
2221 1363 2339 1441 Im
2395 1418 2414 1441 .
2457 1362 2738 1442 Tacito
2775 1364 3039 1443 Annal.
3081 1364 3194 1457 II,
3229 1386 3334 1455 30.

618 1464 899 1555 callidus
928 1487 1003 1541 et
1029 1464 1193 1541 noui
1234 1462 1411 1541 iure
1458 1484 1786 1565 repertor
1821 1488 1913 1539 au
1972 1462 2028 1537 't
2045 1513 2069 1557 ,
2144 1464 2314 1566 quia
2374 1488 2592 1543 eruos
2635 1462 2978 1545 aduersus
3017 1463 3214 1567 leges
3256 1462 3336 1539 in
3385 1458 3394 1471 '

612 1590 839 1671 caput
866 1564 1157 1643 domini
1196 1564 1809 1667 interrog-atium,
1856 1590 1988 1642 eos
2016 1562 2238 1643 aciori
2266 1566 2570 1672 publico
2595 1568 2993 1672 mancipari
3029 1564 3338 1645 iusserat.

614 1674 747 1751 An
772 1669 1019 1745 minus
1042 1664 1121 1742 id
1148 1690 1427 1743 nomen
1454 1668 1853 1747 conueniet
1899 1668 2257 1773 praetori,
2303 1668 2436 1771 qui
2465 1670 2960 1774 emancipatos
2991 1664 3335 1763 aduersus
3393 1708 3406 1719 ·

618 1770 817 1873 leges
846 1789 1239 1845 vocaturus
1254 1822 1279 1862 ,
1330 1792 1461 1845 eos
1486 1768 1809 1872 primum
1841 1768 2036 1846 bona
2079 1768 2479 1847 aduentitia
2516 1769 2856 1871 conferit
2896 1770 3132 1865 iussit?
3177 1770 3335 1849 Ha-

614 1866 877 1959 &enus
922 1892 1297 1975 praetores
1342 1894 1439 1949 ne
1478 1870 1793 1975 potuiffe
1884 1872 1966 1951 ui
2017 1896 2138 1949 em
2177 1869 2520 1950 aduersus
2562 1872 2758 1977 leges
2803 1872 3090 1954 edicere
3105 1924 3130 1967 ,
3204 1866 3336 1949 fibi

613 1968 926 2077 aliisque
953 1968 1385 2077 persuadere
1418 1970 1661 2051 voluit
1688 1898 1999 2069 vingex,
2045 1972 2384 2077 adeoque
2401 1974 2748 2071 clientem
2773 1974 3096 2055 suum-in
3121 1974 3334 2065 statu,

677 2102 853 2155 uem
878 2074 1437 2155 coniesturalem
1452 2098 1723 2155 vocant
1748 2076 2084 2156 rhetores
2100 2131 2125 2172 ‚
2173 2074 2485 2155 mascule
2513 2061 2868 2169 defendit,
2961 2081 3118 2156 Iam
3145 2075 3338 2153 miro

516 2188 527 2201 '
616 2103 1060 2263 gefenfionis
1092 2203 1367 2291 genere·
1389 2177 1481 2257 ad
1510 2178 1874 2282 qualitatis
1902 2180 2172 2278 statum
2201 2178 2482 2275 tranfit,
2531 2184 3014 2275 etPraetores
3045 2178 3112 2278 §-
3127 2176 3342 2258 VIII.

618 2282 777 2376 iura
804 2280 1041 2359 ciuilia
1068 2275 1322 2367 edistis
1351 2279 1493 2382 suis
1520 2282 1853 2359 ‘euertiss‘e
1874 2278 2181 2375 fatetur,
2229 2280 2360 2357 sed
2395 2280 2478 2357 id
2522 2307 2654 2359 eos
2694 2284 2854 2360 iure
2891 2281 3128 2377 fecifl‘e
3157 2303 3339 2371 con.-

618 2382 885 2470 tendit.
984 2380 1083 2477 Si.
1146 2408 1245 2458 aa
1256 2436 1281 2477 ,
1350 2382 1635 2484 inquit,
1698 2380 1960 2480 ostendi
1979 2378 2264 2484 pffmt
2274 2435 2300 2475 ‚
2335 2377 2646 2460 'liberius
2669 2387 2917 2486 paullo
2955 2384 3045 2462 ab
3089 2382 3338 2462 itidem

620 2487 799 2568 iuris
816 2407 1249 2586 pracfiaftlbus
1277 2484 1587 2579 thaeda,
1636 2485 1723 2562 id
1725 2483 1951 2586 probe
1975 2481 2542 2581 confiderandum
2553 2537 2576 2576 ,
2627 2511 2744 2560 eos
2757 2487 3191 2588 interpretes
3190 2505 3332 2586 pu-

621 2587 840 2674 blicos
864 2586 1103 2688 legum
1132 2581 1776 2688 antiquiſjimarum
1786 2579 2039 2688 fictffi’,
2098 2584 2295 2688 quod
2325 2582 2620 2686 officium
2635 2605 2774 2688 per
2783 2583 2870 2686 fi’
2890 2584 3336 2688 potestatem,

601 2683 916 2788 similem
938 2682 1452 2788 legalatoriae,
1500 2687 1867 2770 inuoluere
1895 2685 2211 2767 videtur.
2303 2687 2687 2764 Praetores
2697 2710 2940 2768 tamen
2952 2689 3044 2765 ‘in
3071 2715 3147 2766 eo
3161 2687 3333 2764 adeo

620 2789 712 2888 ab
744 2789 935 2866 omni
964 2788 1188 2892 „culpa
1210 2787 1425 2866 liberi
1448 2783 1667 2889 fiant,
1712 2809 1799 2866 vt
1815 2873 1820 2876 ,
1837 2787 2138 2882 vitium,
2165 2783 2250 2886 st
2279 2787 2477 2892 quod
2506 2787 2672 2868 inde
2709 2790 2788 2868 in
2830 2790 3337 2894 rempublicam

620 2889 1088 2984 redundauit,
1122 2889 1379 2992 populi
1384 2891 1620 2994 potius
1664 2891 1964 2992 Romani
1984 2887 2263 2994 faerit,
2335 2890 2467 2994 qui
2511 2892 2790 2972 tamdiu
2825 2889 3116 2990 vetustis
3125 2947 3152 2986 ‚
3225 2911 3336 2984 et,

622 3018 809 3100 quas
832 3018 1029 3071 nemo
1049 2989 1287 3096 pae‘ne
1320 2990 1551 3072 intelli
1598 2994 1761 3071 ebat
1776 3047 1800 3088 ‚
1864 2991 2128 3096 legibus
2167 2988 2487 3090 inhaesit.
2556 2997 2590 3054 ἐ
2633 2994 2756 3072 Sic
2791 2993 3102 3072 demum
3153 3017 3334 3096 ergo

620 3101 883 3199 'negare
896 3119 1065 3184 ,non
1104 3094 1355 3200 potest
1380 3095 1511 3186 vin
1564 3119 1695 3190 ex,
1736 3094 2092 3200 quaedam
2117 3120 2167 3172 a
2179 3094 2626 3197 praetoribus
2649 3095 2926 3177 inueaa
2951 3123 2990 3172 e
3039 3123 3078 3172 e
3091 3098 3335 3197 paullo

622 3199 954 3292 liberius,
1004 3222 1244 3299 quum
1270 3195 1351 3274 id
1387 3193 1547 3274 fieri
1574 3221 1735 3276 non
1774 3195 2126 3302 potuifl‘e‚
2183 3195 2529 3274 acerrime
2567 3195 2916 3275 contendi
2971 3219 3067 3275 et.
3189 3195 3338 3276 Sed

602 3301 787 3384 dure
811 3320 1059 3376 tamen
1086 3297 1165 3375 id
1190 3319 1405 3402 putat
1426 3296 1697 3399 saecum
1710 3353 1737 3398 2
1796 3299 2068 3404 partim
2111 3299 2284 3402 quia
2318 3300 2706 3398 ‚Praetores
2743 3299 3018 3386 fuerint
3057 3297 3340 3404 publici

622 3399 1375 3515 leguminterpreteS,
1424 3424 1666 3506 eaque
1697 3401 2018 3506 potestas
2064 3397 2151 3478 fit
2199 3399 2672 3504 legislatoriae
2715 3399 2958 3480 fiinilis
2972 3457 2996 3497 ‚
3067 3403 3340 3507 partim

685 3503 803 3580 uia
833 3502 1152 3580 Romani
1178 3499 1457 3604 legibus
1486 3503 1678 3614 antiq
1696 3503 1811 3582 uis
1835 3499 2308 3598 inhaeserint,
2365 3501 2608 3606 iisque
2647 3524 2800 3584 tam
2843 3502 3166 3582 obscuris
3185 3558 3209 3598 ,
3254 3524 3340 3581 vt

624 3630 758 3708 yix
784 3604 871 3682 ab
911 3602 1229 3682 Euandri
1263 3625 1492 3682 matre
1518 3572 1747 3682 inte-lli
1796 3625 2128 3702 erent-ur,
2179 3629 2406 3708 quain
2428 3604 2509 3682 in
2527 3629 2690 3684 rem
2703 3605 2931 3686 inulta
2955 3633 3055 3686 eit⁴
3081 3605 3342 3689 aduer-

626 3703 823 3786 fariis
855 3704 999 3784 suis
1046 3705 1331 3812 promit
1356 3705 1453 3783 de
1483 3705 1928 3784 obscuritate
1965 3705 2322 3806 sermonis
2361 3706 2696 3812 antiqui„
2851 3735 2936 3788 ae
2971 3709 3090 3788 alii
3121 3731 3335 3806 occa-

626 3805 813 3888 fioni
840 3805 1250 3888 reseruaflet
1270 3807 1512 3887 multo
1542 3807 2037 3891 commodius.
2132 3813 2247 3892 At
2281 3795 2448 3926 quis
2461 3863 2486 3904 ,
2547 3835 2736 3914 quae
2768 3838 2843 3908 ο,
2875 3809 3148 3889 vindici
3175 3831 3330 3884 cre-

620 3907 793 4004 det,
840 3908 1285 4006 adfirmanti,
1331 3911 1487 3988 inte
1577 3911 1752 4002 retis
1772 3909 2024 4015 legum
2061 3909 2342 4018 publici
2377 3905 2710 3994 officium
2750 3911 3192 4019 potestatem
3217 3905 3333 3986 in·-

628 4009 936 4108 uoluere
949 4064 976 4105 ‚
1020 3935 1873 4116 legislatoriaessimilem?
1921 4013 2356 4119 Interpretis
2383 4013 2492 4090 est
2514 4013 2800 4096 sensum
2825 4014 3072 4118 legum
3099 4037 3196 4090 ex
3212 4035 3334 4092 ea-

627 4139 800 4194 rum
828 4111 1071 4192 verbis
1094 4129 1185 4192 et·
1196 4115 1601 4197 rationibus
1628 4140 1922 4213 eruere,
1969 4140 2127 4195 non
2155 4113 2500 4220 abrogare
2523 4115 2552 4196 1
2645 4144 2728 4198 es
2735 4171 2766 4214 ,
2815 4110 3178 4196 iisdemue
3203 4111 3336 4192 de-

623 4239 915 4324 rogare,
954 4213 1321 4338 obrogare
1330 4269 1361 4318 ,
1406 4215 1777 4330 surrogage
1790 4271 1819 4320 ‚
1868 4217 2084 4328 quod
2123 4241 2356 4314 nemo
2393 4242 2540 4327 pot
2651 4275 2682 4324 ,
2747 4214 2888 4304 nifi.
2931 4240 3164 4325 quein
3201 4243 3339 4324 pe-

1778 4385 1789 4393 .
1886 4384 1895 4395 .
3206 4341 3342 4402 n&
