3825 4800
680 401 811 470 214
1018 366 1539 466 HISTORIA
1585 364 2238 451 EDICTORVM
2248 424 2273 465 ,
2330 367 2480 452 ET
2527 367 2896 454 EDICTI
2939 369 3210 455 PERP.

692 585 786 654 15.
832 555 1133 634 comitia
1158 577 1201 632 e
1242 577 1513 658 campo
1540 553 1621 632 in
1648 552 1924 632 curiam
1953 553 2408 634 transtulerat
2435 551 2826 650 Tiberius,
2851 553 3217 659 'adeoque
3245 554 3404 662 ple,-

690 661 1293 864 ustie&
1311 655 1974 860 ΜΒΝ
2019 655 2886 869 05²2„th
2905 658 3406 840 unffi

632 913 640 920 ·
690 865 949 944 driano
975 861 1115 941 vlla
1148 859 1470 968 potestas
1517 861 1901 959 νομοθετική
1938 887 2168 967 penes
2209 861 2578 968 populum
2619 813 3092 966 superfu'erit,
3142 883 3228 940 vt
3249 859 3408 966 ipse

688 967 812 1048 ille
840 965 1185 1071 princeps
1212 964 1358 1041 iam
1384 963 1719 1067 coeperit
1740 961 2156 1042 inconsulto
2183 969 2448 1046 Senatu
2467 1018 2492 1059 ,
2541 989 2678 1068 per
2701 961 2846 1044 sola
2875 963 3138 1060 edida,
3187 963 3413 1081 quod

613 1073 621 1080 ’
691 1069 1049 1176 placeret,
1100 1065 1404 1159 sancire,
1454 1085 1533 1140 et
1568 1089 1781 1142 vetus
1830 1065 2012 1143 illud
2055 1068 2168 1144 ius
2215 1066 2368 1144 fere
2519 1065 2752 1146 otidie
2791 1067 3008 1144 nouis
3035 1065 3249 1144 resen
3303 1066 3404 1144 tis

688 1168 1104 1252 emendare.
1198 1169 1295 1246 Et
1320 1187 1567 1244 tamen
1588 1166 1909 1245 Iulianus
1937 1189 2014 1248 et
2041 1169 2398 1248 consuetu
2475 1169 2588 1245 nis
2613 1166 2736 1246 seu
2767 1168 2941 1262 iuris
2961 1193 3120 1250 non
3153 1164 3404 1272 scnpti
3469 1253 3486 1262 ,

621 1291 634 1300 ·
690 1272 1197 1354 aue-toritatem
1222 1296 1263 1346 a
1290 1269 1519 1347 tacito
1549 1267 1816 1388 populi
1862 1267 2195 1376 suffragio
2207 1303 2228 1360 5
2285 1272 2462 1349 iuris
2499 1268 2748 1376 scripti
2783 1269 2872 1346 ab
2909 1269 3242 1375 express'o
3289 1293 3405 1347 ar-
3455 1355 3462 1364 ,

688 1375 930 1470 cessit,
1049 1371 1303 1452 erinde
1349 1395 1433 1449 ac
1478 1369 1529 1448 fi
1566 1374 1657 1449 iis
1700 1371 1986 1452 vixiffet
2006 1373 2505 1478 temporibuS‚
2587 1373 2858 1476 quibus
2899 1395 2978 1450 et
3015 1395 3286 1480 pontes
3319 1371 3402 1448 in

688 1499 959 1660 gairneipo
1152 1476 1300 1594 ‘’o‚
1348 1494 1428 1551 et
1446 1473 2032 1656 ᾤὰὸίῑοκέἲαῧῑ
2057 1477 2330 1556 tabulas
2371 1477 2734 1580 cistasque
2773 1473 3024 1554 videre
3040 1528 3065 1569 ,
3109 1473 3231 1553 vel
3251 1497 3406 1654 saud

686 1684 865 1764 tm
876 1597 1918 1800 afflamina,
1971 1599 3402 1799 qfflpffivssfiamssxfflud

688 1809 815 1866 tur
840 1811 879 1862 a
909 1783 1365 1890 principibus
1380 1835 1408 1877 ,
1474 1805 1801 1888 quorum
1846 1805 2226 1878 intererat,
2290 1782 2560 1862 seruire
2615 1807 2812 1862 ciues
2829 1837 2854 1876 ‚
2927 1803 3004 1860 et
3037 1803 3289 1870 tamen
3325 1779 3404 1861 se

684 1887 987 1967 credere
1012 1885 1453 1965 liberrimo&
1601 1882 2095 1964 Persuaserant
2133 1886 2336 1964 enim
2366 1885 2506 1964 illis
2519 1941 2544 1980 ‚
2597 1883 2966 1989 quidquid
2997 1909 3035 1961 a
3067 1884 3402 1989 principe

686 1990 808 2069 vel
842 1987 1149 2066 confilio
1174 1991 1478 2068 Senatus
1489 2038 1514 2079 ,
1564 1986 1684 2064 vel
1710 1985 2128 2067 inconsulto
2157 1987 2286 2066 illo
2301 2043 2325 2082 ,
2373 1987 2622 2082 fieret,
2668 1987 2748 2067 id
2767 2009 2993 2064 omne
3017 1986 3180 2064 fieri
3205 2012 3246 2064 a
3257 2009 3400 2089 po·

686 2091 874 2200 pulo
891 2145 917 2186 ‚
968 2091 1139 2193 quia
1173 2087 1497 2195 populus
1527 2089 1598 2167 ei
1626 2111 1704 2166 et
1730 2089 1810 2166 in
1840 2113 2016 2167 eum
2047 2115 2273 2168 omne
2303 2088 2516 2168 suum
2553 2091 2948 2196 imperium
2977 2109 3058 2166 et
3079 2090 3399 2207 potesta-

688 2219 847 2276 tem
879 2191 1297 2272 contulerit.
1345 2190 1397 2271 l.
1430 2215 1480 2270 1.
1495 2191 1733 2296 princ.
1772 2193 1867 2268 D.
1892 2193 1980 2270 cle
2007 2191 2273 2291 constit.
2286 2193 2522 2294 princ.
2574 2194 2784 2299 Qin
2815 2215 3150 2295 quamuis
3182 2215 3416 2270 numa

688 2321 918 2403 quam
946 2293 1045 2373 de
1070 2291 1369 2374 ferenda
1398 2291 1559 2396 lege
1584 2294 1667 2372 in
1692 2317 2096 2372 commune
2123 2295 2590 2380 consulerent
2611 2297 3100 2401 Imperatores
3127 2299 3406 2376 Roma*

688 2402 771 2481 ni
788 2456 811 2495 ,
861 2396 989 2477 sed
1012 2394 1224 2502 saepe
1250 2393 1667 2475 Hadrianus
1698 2397 2142 2476 Britanniam
2158 2451 2183 2492 ,
2231 2400 2351 2477 Ae
2453 2416 2710 2503 ptum,
2767 2397 3078 2499 Libyam
3123 2422 3200 2479 et
3225 2399 3407 2477 Ori-

690 2525 946 2581 entem
978 2518 1412 2607 peruagatus
1426 2550 1451 2592 ,
1495 2496 1821 2602 epistolis
1852 2500 2174 2577 Romam
2203 2423 2460 2595 miflff,
2507 2498 2693 2601 quid
2721 2500 2880 2579 fieri
2911 2500 3154 2597 vellet,
3193 2528 3407 2607 prae-

608 2617 615 2623 ’
686 2605 758 2685 ci
812 2624 1005 2697 eret,
1032 2598 1255 2680 talem
1276 2623 1527 2678 tamen
1552 2600 1901 2706 principis
1919 2600 2298 2719 epistolam
2331 2600 2774 2681 credendam
2799 2600 2936 2681 effe
2967 2606 3224 2693 πόλεως
3249 2639 3410 2685 συν·
3527 2690 3534 2702 ,
3615 2576 3639 2701 ,⁶

689 2708 895 2800 θηκην
925 2706 1124 2794 κοινὴν
1138 2767 1159 2805 ,
1208 2726 1639 2781 communem
1666 2701 2560 2807 respubltcaesponfionem,
2661 2704 3240 2785 uemadmodum
3273 2706 3408 2800 ad<

686 2810 843 2890 huc
862 2801 1481 2912 philosophantur
1520 2804 1954 2909 Papinianus
1999 2826 2078 2883 et
2119 2807 2570 2901 Mart-ianm,
2627 2832 2708 2883 m
2737 2810 2788 2886 l.
2810 2833 2866 2887 ι.
2904 2830 2977 2886 et
3006 2808 3058 2888 l.
3086 2838 3147 2886 2.
3179 2812 3278 2887 D.
3310 2813 3408 2890 de

688 2910 761 2992 le
806 2910 897 2989 th.
1018 2908 1439 3015 Principem
1478 2906 1681 2985 enim
1718 2904 1989 2985 referre
2025 2929 2270 2987 totum
2313 2908 2682 3015 pop'ulutn
2697 2965 2720 3004 ,
2765 2909 2922 2987 eius
2965 2908 3407 2991 consensum

686 2938 827 3092 effe
854 3008 1290 3089 consensum
1314 3008 1547 3087 totius
1579 3009 2020 3115 reipublioee
2035 3064 2059 3107 ,
2111 3015 2220 3111 καὶ
2251 3016 2384 3091 ἐκὲἱ
2415 3044 2490 3089 τε
2519 3014 2633 3102 τὴν
2672 3014 2901 3111 ‘Pomm
2915 3068 2938 3101 ‚
2987 3016 3120 3093 ὅτε
3147 3015 3306 3095 πότ’
3321 3014 3410 3098 ἂν

681 3119 797 3197 τὸν
844 3115 1149 3209 βασιλέα
1192 3110 1376 3209 {Im-
1435 3133 1509 3189 et
1538 3112 1831 3189 Romam
1860 3112 1962 3191 ibi
2001 3109 2162 3216 ff,
2223 3114 2345 3193 vbi
2362 3111 2472 3213 fit
2511 3116 2930 3216 Imperator.
2990 3116 3410 3197 Herodian.

687 3214 921 3296 Lim.
948 3236 1097 3318 cap.
1126 3224 1184 3293 6.
1270 3212 1637 3315 ,Eiusdem
1668 3214 1954 3317 generis
1995 3216 2102 3295 est
2139 3214 2242 3292 fra
2295 3236 2631 3293 mentum
2673 3216 2971 3311 Iuliani,
3013 3216 3096 3299 in
3119 3218 3171 3296 l.
3193 3246 3264 3312 5.
3297 3221 3406 3301 D.

688 3318 779 3399 de
806 3343 1119 3399 manum.
1144 3316 1339 3393 vind.
1386 3315 1514 3393 vbi
1546 3312 1775 3393 soluta
1803 3317 2008 3433 prius
2041 3243 2491 3421 quaefiione,
2507 3342 2598 3395 an
2627 3319 2760 3420 qui
2793 3317 3172 3397 consilium
3189 3342 3409 3425 prae·-

682 3421 887 3515 beat,
935 3415 1158 3523 poffit
1182 3416 1381 3521 apud
1412 3413 1485 3493 se
1512 3438 2068 3505 manumittere3
2141 3418 2381 3497 statim
2409 3419 2644 3496 addit:
2675 3416 2764 3519 se
2809 3443 2887 3497 et
2923 3422 2998 3499 in
3033 3443 3408 3524 praetura

684 3524 863 3603 etin
886 3516 1247 3619 confidam
1262 3514 1396 3619 fico
1407 3569 1432 3614 ‚
1478 3518 1822 3623 quosdam
1850 3548 1942 3598 ex
1951 3518 2188 3622 struis
2208 3516 2362 3621 fuis
2383 3522 2692 3613 vindida
2717 3518 3036 3627 liberast&
3047 3578 3072 3617 ,
3119 3546 3194 3603 et
3229 3528 3417 3629 quie

684 3624 968 3705 busdam
984 3621 1423 3724 praetoribus
1449 3616 2044 3724 consulentibusst
2069 3622 2260 3701 idem
2268 3618 2572 3726 suafiffl’·
2669 3626 2872 3703 Vere
2899 3648 2982 3703 ea
3015 3626 3095 3703 in
3122 3650 3202 3703 re
3231 3652 3418 3707 mo-

684 3751 847 3805 rem
873 3726 1239 3803 maiorum
1265 3719 1619 3825 sequutus
1646 3722 1753 3801 est
1782 3722 2126 3803 Iulianus.
2223 3728 2340 3803 Ex
2369 3750 2529 3829 quo
2559 3727 2759 3803 enim
2857 3728 3080 3805 rimus
3109 3730 3418 3812 Consul

682 3826 937 3921 Iunius
967 3830 1235 3907 Brutus
1266 3822 1706 3905 Vindicium
1748 3822 2035 3903 seruum
2049 3880 2076 3921 ‚
2148 3826 2674 3905 coniurationis
2711 3826 2790 3905 in
2848 3829 3034 3908 'cem
3065 3855 3202 3936 per
3233 3835 3420 3915 vin-

680 3924 950 4005 dieiam
984 3924 1531 4020 manumiserat‚
1574 3926 2009 4022 inualuerat,
2047 3948 2131 4005 vt
2155 3951 2233 4006 et
2249 3927 2608 4007 Consules
2637 3952 2715 4007 et
2741 3933 3142 4028 Praetores,
3165 3960 3422 4039 quan-

680 4026 788 4107 do
821 4030 1149 4133 primum
1185 4026 1727 4134 procedebant,
1776 4055 1813 4107 a
1846 4028 2402 4109 manumiffione
2431 4032 2928 4135 magistratum
2945 4032 3422 4139 auspicaren-
3477 4086 3488 4097 ·

678 4151 805 4209 tur
821 4183 846 4225 ,
895 4152 1133 4233 quum
1158 4130 1339 4209 boni
1372 4130 1645 4209 ominis
1678 4128 1899 4209 caufl‘a
1918 4184 1942 4225 ,
1989 4152 2155 4210 tum
2181 4154 2266 4209 vt
2289 4128 2562 4210 fastum
2582 4132 2780 4211 istud
2807 4136 3014 4213 Bruti
3043 4138 3240 4241 apud
3257 4166 3430 4243 po-

678 4232 909 4315 steros
939 4254 1249 4339 quoque
1270 4232 1469 4325 nulla
1496 4230 1777 4317 deleret
1802 4232 2108 4315 obliuio·
2207 4233 2490 4329 Docuit
2515 4258 2654 4317 nos
2683 4234 2892 4319 illum
2922 4236 3150 4321 ritum
3139 4268 3279 4423 fleix
3295 4244 3432 4322 in-

3230 4365 3434 4427 tuto
