3825 4800
685 124 719 146 fi

561 380 741 471 ,164
947 356 1463 447 HISTORIA
1501 350 2218 461 EDICTORVM‚'‘
2235 362 2382 447 ET
2436 362 2806 445 EDICTI
2849 364 3119 451 PERP.

601 552 843 663 Qale
888 550 1073 655 quid
1124 550 1361 629 feciffie
1416 551 1901 647 Ciceronem,
1977 574 2220 653 quum
2256 548 2578 641 sedecim
2618 550 2826 629 annis
2917 548 3038 637 ost
3077 546 3312 653 legem

602 654 1026 740 Corneliam
1061 656 1141 733 in
1172 654 1509 733 Ciliciam
1536 654 1677 731 iret
1718 650 2160 758 proconsul‚·
2207 679 2303 730 ex
2341 652 2562 759 ipsius
2611 653 2852 765 episto
2881 678 2940 729 1s
2985 650 3076 727 ad
3117 651 3316 729 Atti-

602 786 775 838 cum
832 778 909 834 et
967 760 1095 861 Ap
1152 756 1309 833 ium
1364 754 1765 837 Claudium
1824 752 2106 859 scriptis
2161 754 2374 859 supra
2430 757 2576 833 iam
2637 751 3322 833 demonstrauimus,

601 860 954 962 Denique
981 884 1075 936 ne
1106 858 1255 935 cire
1296 882 1435 935 nos
1482 856 1640 934 fere
1666 856 2020 951 fatemur,
2067 858 2252 961 quid
2289 859 2368 935 in·
2413 873 2744 935 mentem
2785 856 3074 936 venerit
3113 852 3320 935 Guil.

604 962 926 1055 Groti0‚
978 958 1279 1063 quando
1320 960 1469 1038 Lib.
1512 962 1609 1039 II.
1666 959 1752 1037 de
1794 960 1929 1036 vit.
1972 960 2122 1037 ICt.
2177 964 2342 1063 Cap.
2401 963 2531 1037 VI.
2579 978 2793 1037 notat
2830 956 3274 1061 Libergeum
3291 1009 3317 1048 ,

602 1063 815 1170 quod
846 1086 1079 1139 annua
1104 1064 1553 1139 Praetorum
1592 1060 1823 1139 edic‘ca
1852 1059 2230 1164 adpellarit
2273 1082 2654 1166 perpetua.
2750 1061 2996 1155 Certe,
3047 1058 3317 1161 inquit,
3384 1091 3403 1105 ⁸

602 1169 755 1247 alia
782 1166 1002 1242 edida
1046 1164 1527 1242 iurisdietionh
1545 1182 1939 1265 perpetuae
1974 1159 2210 1265 cauffo
2231 1190 2282 1241 a
2311 1164 2756 1267 praetoribus
2765 1160 2902 1262 stcb
2941 1158 3322 1265 ingrcfficm

604 1264 1057 1369 magistratus
1079 1267 1691 1367 proponebantur,
1740 1288 1826 1342 vt
1846 1260 2130 1363 seirent
2187 1266 2412 1361 ciues,
2485 1266 2682 1370 quod
2715 1265 2818 1343 ἐπε
2856 1270 3160 1370 qutisque
3203 1264 3318 1339 illo

567 1376 572 1379 ’
604 1396 787 1449 anno
822 1368 1121 1445 dicturus
1168 1362 1333 1468 effi’t
1347 1394 1374 1443 .·
1423 1368 1577 1443 alia
1602 1391 1773 1445 vero
1786 1420 1813 1459 ‚
1850 1386 2071 1466 prout
2105 1392 2225 1445 res
2251 1367 2539 1469 incidit,
2599 1368 2685 1445 id
2714 1364 2816 1465 est
2829 1422 2852 1462 ,
2889 1386 3028 1469 pro
3056 1363 3318 1467 negotii
3411 1372 3418 1377 '

604 1471 971 1577 qualitate
984 1522 1007 1562 ,
1072 1469 1275 1583 quod
1302 1469 1503 1569 apud
1556 1464 1735 1573 spsos
1775 1468 2268 1562 tractabatur,
2341 1470 2529 1548 cuius
2566 1474 2852 1573 gener&
2872 1465 3054 1569 fiant
3102 1467 3346 1545 edida.

604 1569 1131 1655 commonitorta
1174 1592 1249 1645 et
1268 1568 1744 1671 peremtoria,
1814 1594 2034 1674 quam
2077 1568 2558 1672 dff’rentiam
2602 1569 2898 1667 diuerfis
2937 1571 3168 1649 verbu·
3205 1568 3319 1645 in-
3351 1620 3358 1631 -

544 1684 547 1687 ’
607 1675 842 1753 calcat
872 1667 1402 1769 Iuruconfitltus
1458 1670 1789 1771 leianus
1842 1672 1893 1748 l.
1925 1696 1994 1763 7.
2029 1672 2126 1747 D.
2159 1672 2246 1748 de
2271 1673 2518 1749 iurisd.
2617 1675 2761 1752 Sed
2781 1700 2906 1750 mu
2957 1698 3126 1751 uam
3149 1690 3320 1748 ante

596 1766 971 1853 Hadriani
999 1792 1319 1873 tempora
1368 1796 1713 1847 PERPETVI
1764 1796 2013 1849 Emc‘rr
2057 1800 2200 1850 vox
2257 1800 2338 1851 re
2385 1776 2644 1853 eritur.
2789 1776 2882 1853 Se
2976 1773 3161 1876 quid
3201 1770 3318 1861 illa

606 1872 993 1967 distinctioj
1020 1894 1273 1947 contra
1309 1870 1797 1975 Libergeum?
1841 1876 1939 1969 Et
1977 1896 2228 1951 annon
2266 1876 2291 1951 i
2345 1900 2442 1952 eo
2476 1880 2848 1955 Praetores
2879 1874 3104 1959 edicta
3153 1896 3322 1979 per»-

604 1998 876 2082 petuae
922 1972 1437 2051 iurisdictionis
1484 1972 1707 2051 causta
1744 1973 2094 2052 dicuntur
2131 1974 2619 2081 proposuisse,
2679 1981 2854 2083 quia
2893 2002 3026 2085 per
3071 1998 3322 2055 totum

604 2100 1002 2157 annunnex
1028 2076 1116 2153 iis
1146 2076 1260 2153 ius
1306 2075 1691 2171 dixerunt,
1742 2100 1982 2181 quum
2011 2077 2288 2180 reliqua
2316 2080 2694 2186 repentina
2727 2104 3016 2159 tantum
3056 2080 3148 2159 in·
3177 2104 3322 2159 vna

602 2178 829 2259 caufl‘a
860 2176 1183 2256 valerent
1201 2184 1243 2255 ,ἱ
1283 2180 1380 2255 Et
1426 2179 1574 2255 'uis
1616 2202 1775 2255 non
1812 2180 2158 2273 miretur,
2210 2200 2361 2257 tam
2405 2182 2868 2261 confidenter
2905 2182 3323 2262 adseuerare

605 2282 971 2359 Grotium
991 2332 1015 2373 ‚
1078 2301 1247 2356 ante
1296 2280 1415 2355 Ha
1470 2280 1650 2356 riani
1700 2301 2038 2385 tempora
2079 2306 2236 2359 non
2275 2285 2576 2388 reperiri
2618 2284 3062 2363 vocabulum
3105 2284 3326 2361 ‚edic‘ti
3361 2306 3368 2313 ’

604 2380 986 2489 perpetui:
1046 2405 1321 2482 quum,
1372 2378 1421 2456 fi
1476 2380 1592 2457 vel
1634 2382 1959 2460 maxime
1999 2384 2067 2460 ei
2105 2382 2526 2480 condones,
2581 2386 2821 2490 'quod
2862 2411 3022 2464 non
3051 2384 3328 2463 viderit

603 2483 788 2562 Asta
818 2481 1071 2558 diurna
1090 2535 1114 2574 ,
1164 2507 1319 2557 non
1348 2483 1680 2583 ignorare
1708 2505 1956 2561 tamen
1991 2485 2341 2564 debuiffet
2357 2542 2382 2581 ‚
2429 2509 2524 2563 eo
2551 2487 2914 2566 vocabulo
2961 2485 3172 2584 vlfum
3217 2485 3325 2568 es·-

604 2581 681 2662 se
708 2605 864 2660 tem
920 2605 1051 2658 ore
1102 2582 1489 2660 Ciceronis
1542 2585 1633 2661 C.
1684 2583 2140 2664 Cornelium·
2171 2587 2286 2666 vel
2333 2587 2563 2668 saltim
2605 2613 2763 2669 non
2787 2587 3111 2670 multum
3151 2589 3323 2696 post

604 2689 783 2788 Aug
902 2685 917 2698 '
952 2704 1265 2762 aetatem
1292 2681 1701 2762 Asconium
1730 2687 2222 2766 Paedianum?

1028 2883 1390 2990 Qamuis
1420 2886 1671 2990 itaque
1700 2915 1781 2966 ea
1828 2893 2048 2994 Lege
2069 2893 2414 2972 Cornelia
2456 2891 2796 2972 nondum
2843 2889 3180 2970 effectum
3219 2887 3326 2972 efl-

602 2984 745 3082 set,
797 3005 882 3092 vt
908 2985 1026 3062 vel
1054 2988 1133 3062 in
1161 2987 1343 3064 vrbe*
1382 2990 1505 3067 vel
1535 2991 1615 3067 in
1694 2994 2044 3071 rouinciis
2079 2997 2445 3074 exstarent
2467 2995 2712 3073 edicta
2737 3017 2910 3072 vere
2941 3018 3322 3100 perpetum

604 3087 821 3192 quale
848 3087 1097 3192 postea
1128 3088 1517 3168 conditum
1574 3119 1617 3169 e
1668 3117 1711 3168 e
1753 3095 2104 3172 nouimus
2147 3124 2186 3173 a
2231 3097 2476 3176 Saluio
2532 3097 2851 3175 Iuliano:
2923 3123 3020 3174 ne
3109 3096 3172 3174 ri
3204 3096 3323 3174 ta·-

602 3215 780 3269 men
822 3189 1004 3266 haut
1045 3192 1327 3294 potest,
1378 3193 1619 3272 multo
1664 3197 1932 3274 certius
1961 3224 2058 3275 ex
2099 3223 2194 3276 eo
2243 3220 2396 3277 tem
2455 3223 2586 3274 ore
2618 3197 2890 3276 factum
2935 3199 3076 3276 esse
3110 3203 3320 3276 Prae-

584 3292 919 3400 torium,
969 3315 1109 3367 nec
1146 3313 1297 3370 tam
1341 3295 1816 3392 immodeste,
1872 3299 1977 3377 vti
2003 3323 2208 3378 antea
2247 3300 2377 3377 illu
2455 3297 2762 3377 subinde
2807 3292 2945 3380 effe
2977 3299 3322 3380 immuta«-

601 3416 789 3472 tum.
890 3393 1251 3496 Quamuis
1298 3398 1499 3472 enim
1534 3396 1710 3474 ideo
1738 3423 1895 3476 non
1935 3401 2222 3480 ademta
2251 3403 2422 3479 ess'et
2470 3401 2932 3478 Praetoribus
2975 3404 3322 3506 potestaS‚

598 3521 801 3574 noua
888 3492 1232 3589 uaedam,
1282 3521 1475 3598 quae
1508 3499 1690 3580 iusta
1719 3503 1980 3604 reique
2006 3505 2340 3607 publicae
2371 3501 2668 3580 lalubria
2695 3502 3141 3598 iudioerent,
3171 3502 3320 3583 sub

600 3599 805 3701 ingre
862 3621 987 3674 um
1018 3596 1467 3699 magistratus
1514 3599 1885 3680 edicendi:
1936 3603 2196 3684 intacta
2236 3628 2486 3684 tamen
2539 3603 3052 3707 relinquebant
3085 3605 3322 3711 plera·

510 3697 533 3711 ‘
604 3721 791 3801 que,
886 3723 1021 3778 uae
1047 3718 1426 3802 tamquam
1473 3702 1803 3780 tralatitia
1852 3725 1932 3781 et
1969 3705 2100 3784 vsu
2133 3707 2491 3785 diuturno
2545 3705 2846 3810 probata
2893 3728 3321 3812 aeoeperant

602 3825 641 3876 a
666 3801 849 3878 dece
900 3799 1187 3890 oribus,
1236 3823 1459 3906 atque
1488 3805 1585 3882 ita
1632 3806 2052 3902 eueniebat·,
2101 3831 2185 3888 vt
2209 3809 2476 3886 eadem
2553 3808 2806 3885 uidem
2837 3807 3316 3913 edifficoepita

600 3906 995 4002 quotannis
1024 3903 1103 3980 in
1146 3903 1313 3982 albo
1345 3907 1795 4010 legerentur,
1849 3911 2188 4028 quamuis
2201 3834 2594 4013 aliquando
2623 3909 3134 3987 additamentis
3151 3909 3361 4010 qui·—

598 4001 905 4080 busdam
939 4005 1447 4106 locupletiora.
1542 4013 1804 4112 Atque
1832 4011 2012 4088 hinc
2037 4011 2246 4091 facile
2285 4009 2757 4116 intelligimus
2773 4065 2798 4104 ‚
2847 4011 2978 4113 qui
3003 4009 3318 4115 fieripo·

478 4201 483 4204 Ι
596 4105 821 4212 tuerit
833 4158 857 4199 ‚
911 4127 995 4180 vt
1025 4105 1171 4180 iam
1204 4131 1371 4188 ante
1411 4112 1768 4192 Hadriani
1815 4133 2154 4220 tempora
2195 4115 2277 4192 in
2316 4113 2640 4192 edietum
2657 4162 2670 4204 a
2685 4113 3044 4191 Praetoris
3077 4113 3321 4212 Com<

590 4206 941 4288 mentaria
974 4201 1367 4291 scriberent
1414 4211 1933 4300 iurisconsulti.
2031 4219 2133 4302 Ea
2167 4218 2368 4298 enim
2395 4213 3065 4327 interpretabantur
3098 4215 3322 4332 edieii

1265 4337 1269 4344 ·
1891 4358 1909 4378 ,
3117 4342 3314 4424 capl-

2191 4518 2238 4534 v-
