3825 4800
685 414 916 496 TIT.
963 409 1288 496 XLVII:
1343 413 1914 526 QVEMADM.
1958 415 2209 498 ACT.
2258 413 2445 500 PER
2490 423 2607 500 IN
2612 422 2797 502 FIC.
2824 443 2961 500 etc.
3056 448 3205 526 509

481 593 872 718 naufragii
897 597 1152 692 cauffa
1177 595 1632 720 depofitum
1667 597 1858 705 fuit,
1883 605 1979 717 c)
2032 599 2159 692 vel
2187 601 2303 692 ob
2328 601 2681 718 legatmn
2708 633 2855 722 per
2866 604 3197 694 damna-

477 953 820 1008 PAvLLvM
869 929 1149 1028 Recept.
1181 929 1372 1006 Sent.
1401 925 1462 1020 J,
1494 947 1586 1016 19,
1613 948 1664 1002 1.
1691 923 1793 1000 le-

535 1034 712 1108 itur:
765 1030 1062 1108 iudicati
1094 1021 1405 1130 depenst,
1453 1025 1666 1128 quod
1681 1024 1794 1102 ni-.

479 1058 618 1212 fini
669 1131 798 1209 est.
899 1131 1103 1209 Hinc
1163 1128 1508 1208 Cuiaeius
1564 1123 1788 1231 suspi-

479 1255 694 1326 catur
705 1289 728 1327 ,
777 1231 1172 1339 legendum
1213 1229 1388 1320 esse:
1455 1227 1755 1308 iudicati
1765 1281 1790 1318 ,

482 1337 572 1416 cle
619 1333 812 1434 ffti,
905 1357 1222 1436 eamque
1291 1331 1788 1408 comesturam

481 1465 524 1516 a
581 1463 676 1514 eo
715 1437 1057 1542 probauit
1095 1437 1333 1514 Conr.
1375 1431 1790 1512 Rittershu-

483 1540 632 1628 fio,
697 1563 782 1618 vt
829 1538 954 1616 hic
983 1562 1146 1614 eam
1189 1534 1792 1613 emendationem

479 1644 565 1722 in
601 1661 892 1718 textum
934 1639 1077 1716 reci
1137 1663 1260 1716 ere
1302 1661 1462 1715 non
1501 1635 1790 1713 dubita-

481 1745 604 1825 rit.
647 1775 656 1784 ·
703 1747 824 1822 De
870 1737 1076 1846 depo
1099 1763 1210 1818 tto
1263 1763 1448 1816 mox
1503 1736 1790 1816 videbi-

481 1871 676 1926 mus,
710 1883 722 1890 ·
771 1846 928 1922 Iam
973 1841 1069 1920 de
1115 1841 1416 1919 iudicati
1471 1837 1786 1934 afflone,

485 1971 714 2054 quam
739 1943 1139 2025 inficiando
1167 1941 1466 2022 creuifl‘e
1479 1997 1504 2038 ,
1554 1941 1786 2032 velex

483 2052 660 2129 looo
716 2047 1063 2130 Ciceron.
1171 2073 1252 2124 ro
1307 2045 1554 2124 Flacco
1615 2047 1785 2145 Cap.

487 2155 680 2233 XXI.
712 2171 956 2258 patet,
1003 2148 1130 2227 vb1
1159 2149 1466 2228 Cicero:
1519 2147 1786 2223 Frater

481 2279 672 2334 meus
682 2307 707 2350 ,
755 2253 1039 2354 inquit,
1134 2279 1214 2329 ro
1224 2247 1369 2350 sua
1409 2247 1784 2362 aequitate

2878 719 3200 838 tionem

1891 924 2235 1001 cemuiris
2282 923 2687 1020 inuefflm,
2758 929 3058 1005 Praetor
3096 931 3195 1007 E-

1889 1023 2093 1102 disto
2118 1023 2251 1103 suo
2278 1026 2421 1102 iam
2438 1027 2727 1132 pridem
2754 1028 3194 1123 aboleuerat,

1837 1201 1847 1210 .
1889 1149 1968 1204 et
2008 1151 2105 1204 ex
2162 1125 2323 1204 solo
2378 1127 2719 1232 depofito
2776 1131 3195 1224 miserabili,

1885 1225 2071 1304 dolo
2098 1227 2297 1306 malo
2343 1251 2649 1332 negem,
2714 1231 3078 1312 afflonem
3110 1234 3197 1310 in

1891 1329 2207 1434 duplum
2258 1329 2581 1410 dederat.
2674 1331 2837 1438 Ipse
2872 1359 3193 1418 mvnvs

1889 1433 2091 1610 αἴτιά
2126 1432 2407 1548 Ρανξαῑ.
2460 1435 2729 1536 Legum
2784 1437 3065 1542 Mqsaic.
3110 1456 3189 1514 et

1956 1539 2183 1612 oman.
2222 1556 2339 1611 ttt.
2384 1539 2476 1613 X.
2524 1539 2591 1634 §.
2638 1563 2709 1630 7.
2802 1541 2917 1616 Ex
2961 1537 3195 1642 cauffit

1889 1633 2217 1738 depositi,
2282 1636 2560 1739 inquit,
2625 1641 2785 1742 lege
2827 1643 2995 1718 XII.
3048 1643 3191 1719 Ta·-

1889 1738 2225 1816 bularum
2262 1739 2339 1814 in
2390 1739 2683 1841 duplum
2724 1743 2899 1820 allio
2942 1743 3189 1836 datur,

1885 1863 2163 1917 nmero
2222 1865 2621 1920 PRAssToms
2686 1845 2763 1922 in
2817 1841 3189 1947 simplum.

1885 1941 2345 2020 Decemuiris
2374 1941 2538 2021 ssne
2567 1943 2753 2025 fides
2792 1971 2951 2024 non
2984 1945 3193 2025 aliter

1885 2043 2215 2122 constare
2240 2043 2661 2142 videbatur,
2712 2073 2937 2150 quam
2966 2046 3193 2124 fime-

1883 2165 1969 2221 τι]
2006 2145 2529 2222 contineretur.
2630 2147 3041 2250 Depositum
3062 2147 3191 2226 hoc

1881 2271 1965 2324 eo
1994 2252 2219 2346 maga
2240 2247 2765 2343 vindicandum,
2813 2251 3013 2368 quod
3010 2247 3189 2354 ftre

465 2354 1005 2464 prudentiaque
1097 2352 1400 2445 arcuit,
1449 2371 1534 2429 vt
1557 2345 1642 2449 st
1669 2374 1784 2427 m-
1862 2343 2313 2450 ficretafint
2342 2347 2536 2428 circa
2543 2351 3055 2452 probamnem,
3086 2349 3189 2431 ait

477 2460 792 2540 dicatum
813 2480 1151 2558 negaret,
1177 2454 1256 2531 in
1285 2454 1579 2555 duplum
1601 2452 1790 2529 iret:
1881 2452 2002 2557 Q

461 2561 757 2661 fimeta
805 2560 1064 2637 coados
1105 2557 1373 2634 diceret
1391 2609 1417 2648 ‚
1485 2552 1782 2631 haberet

481 2662 754 2743 eosdem
799 2680 1362 2761 recuperatores.
1479 2651 1786 2754 Recusa·

473 2766 612 2846 uit.
707 2760 1094 2840 Habemus
1133 2759 1390 2860 itaque
1411 2756 1780 2833 actionem

471 2864 776 2947 iudicati
790 2918 816 2959 ,
879 2886 978 2939 ex
1044 2858 1318 2964 qualis
1382 2854 1786 2937 inficiando

475 2964 754 3061 crescit,
801 2962 926 3043 sed
961 2983 1126 3041 tum
1157 2958 1508 3053 demum,
1535 2958 1612 3055 fi,
1647 2958 1783 3077 qui

475 3066 864 3151 succubuit
871 3078 910 3163 ,·
957 3090 1052 3143 ne
1141 3063 1276 3157 rit,
1319 3060 1420 3139 ita
1475 3060 1616 3139 effe
1664 3084 1780 3136 ιυ-

475 3172 800 3251 'dioetum
824 3224 851 3263 ‚
901 3088 1144 3272 quaff}
1177 3163 1626 3267 quaestionis
1639 3174 1674 3259 ‚'
1697 3161 1784 3239 in

475 3274 646 3355 foro
674 3270 1060 3352 incidentis
1073 3320 1098 3365 ,
1157 3266 1445 3343 mentio
1487 3265 1574 3343 fit
1603 3266 1682 3342 in
1721 3265 1780 3342 l.

365 3436 378 3453 .
481 3404 532 3457 1.
542 3376 794 3584 ⁴Vim:-
820 3376 920 3453 D.
953 3365 1343 3480 quaesent.
1351 3364 1514 3468 fine
1526 3366 1782 3470 adpell.

477 3506 562 3561 re
589 3506 648 3562 c.

574 3685 661 3783 c)
735 3673 1120 3781 Depefiti]

473 3807 813 3865 nvttvm
827 3835 852 3875 ‚
937 3781 1264 3885 primum
1333 3774 1776 3879 suspicatum

472 3882 862 3967 Cuia'cium
875 3935 900 3976 ‚
1001 3882 1195 3959 aullo
1228 3900 1406 3959 ante
1429 3876 1782 3954 vidimus.

471 3992 580 4068 At
601 3980 918 4090 depofiti
939 4004 1041 4061 ιω
1078 3982 1480 4103 generatim
1509 3978 1780 4056 memi-

470 4088 646 4168 nifl'e
690 4108 847 4163 non
883 4104 1140 4189 ponnt
1179 4078 1728 4163 itirisoonsulttis
1746 4133 1777 4173 ,

467 4191 646 4293 quia
686 4185 1050 4266 aaionem
1083 4183 1398 4291 depofiti
1429 4178 1772 4263 aduersus

465 4290 920 4373 inficiantem
963 4289 1046 4371 in
1091 4286 1410 4397 duplum
1423 4336 1466 4383 ,·
1525 4312 1570 4367 a
1608 4286 1772 4365 De-

1962 2444 2243 2527 uinffil.
2294 2452 2619 2530 Declam.
2656 2454 2985 2533 CCXLV.
3079 2456 3191 2532 At

1877 2554 2187 2631 Praetor
2210 2549 2290 2629 id
2316 2551 2409 2630 ad
2452 2551 2869 2659 depofinnn
2896 2556 3191 2635 misera·

1877 2652 2027 2732 bile
2066 2651 2477 2748 restrinxit,
2551 2682 2649 2734 ex
2688 2682 2848 2759 quo
2889 2658 2975 2735 lis
3018 2658 3189 2736 infi-

1875 2755 2149 2833 ciando
2196 2754 2650 2860 duplicatur,
2734 2758 2919 2837 teste
2971 2758 3187 2836 Iusti-

1880 2857 2149 2949 niano,
2196 2858 2272 2955 §.
2298 2868 2402 2938 26.
2432 2855 2596 2955 Inst.
2626 2860 2719 2937 de
2736 2861 2981 2939 adim.
3022 2881 3101 2938 et
3128 2862 3185 2938 l.

1881 2984 1935 3038 t.
1971 2960 2042 3057 §-
2081 2982 2133 3035 ι.
2178 2958 2281 3035 D.
2328 2958 2639 3061 depofiti.
2696 2963 3041 3065 quamuis
3081 2960 3187 3040 ibi

2348 3058 2427 3137 lo
2484 3082 2708 3140 uatur
2734 3066 3057 3159 Praetor,
3110 3084 3193 3141 et

1877 3186 2037 3239 non
2067 3160 2313 3239 modo
2346 3160 2371 3237 i
2482 3162 2913 3260 effationem,
2952 3162 3078 3241 sed
3108 3186 3189 3242 et

1936 3260 2253 3364 uidquid
2276 3262 2441 3341 alias
2464 3258 2654 3342 dolo
2674 3266 2873 3341 malo
2883 3264 3183 3359 fidium,

1930 3364 2118 3468 uplo
2147 3365 2643 3443 co‘e’roendum
2656 3364 2919 3445 edicat.
3012 3372 3189 3447 Nec

1877 3488 2131 3545 tamen
2200 3464 2383 3543 ideo
2438 3490 2611 3545 cum
2685 3472 2791 3548 V.
2846 3470 2947 3549 C.
2994 3474 3187 3549 Ant.

1875 3567 2333 3687 Schultingio
2350 3570 2637 3681 iushpr.
2656 3592 2799 3649 vet.
2824 3568 3182 3669 Anteiust.

1239 3679 1351 3756 Ita
1441 3666 1780 3775 seripfiflz·
1861 3694 1943 3777 p.
1990 3694 2143 3765 771.
2192 3670 2733 3769 mstimamus,
2788 3672 3183 3753 restritffio·

1873 3798 2055 3853 nem
2115 3772 2209 3851 ad
2271 3773 2799 3853 inficiationem
2861 3800 2957 3851 ex
3016 3774 3181 3851 iure

1873 3874 2053 4055 33st
2134 3872 2475 3955 Edictum
2550 3898 3003 3983 perpetuum
3058 3884 3177 3955 in-

3228 3164 3269 3211 Ι

1980 3975 2105 4055 &o
2174 3970 2353 4072 este,
2458 4002 2645 4057 uum
2726 3977 2947 4072 dolus
3020 4003 3183 4055 ma-
3228 4002 3236 4007 ·

1867 4078 1991 4199 ius
2040 4076 2455 4197 depositam
2468 4185 2485 4199 ⁶
2522 4080 2685 4200 non
2732 4076 2957 4201 poffit
3016 4078 3177 4157 fere

1863 4179 2135 4363 ἓξὲξ
2153 4235 2181 4276 ,
2208 4206 2435 4285 quam
2464 4182 2963 4351 fflm⁰ne’.
2986 4204 3178 4321 con—

2060 4386 2159 4467 Ss
2182 4406 2221 4465 s
2264 4410 2305 4482 3
