3825 4800
715 316 875 519 ¹54ss
1030 386 1565 500 ΗιεΤοῐὶΙΑΙ
1596 382 2273 483 Emoronvm,
2320 380 2468 465 ET
2513 380 2884 463 Emori
2911 380 3186 463 PERP.
3283 382 3294 395 ·

712 602 821 657 ne
878 570 1123 651 fimilis
1180 570 1465 651 lectoris
1527 568 1765 649 oculis
1785 646 1810 655 ,,
1832 568 2068 674 caligo
2122 566 2564 649 offimdatur.
2709 592 3138 649 PERPETVVM
3191 566 3449 649 Latini

724 697 1031 770 vocant,
1080 699 1237 751 non
1270 672 1507 751 solum
1524 726 1549 769 ,
1598 671 1808 776 quod
1839 670 1988 748 fine
2041 670 2192 749 fine
2205 726 2229 765 ,
2279 696 2366 749 ac
2399 672 2780 747 aeternum
2829 668 3264 749 duraturum
3293 670 3440 763 est,

721 778 848 861 sed
882 776 1091 881 quod
1108 776 1216 851 est
1242 777 1682 867 continuum
1693 777 1737 870 ‚‘
1771 798 1912 851 nec
1947 772 2086 850 vlla
2107 772 2418 853 viciffitu
2473 773 2488 788 '
2549 798 2592 849 e
2615 772 3140 891 hitetruptum‚
3179 796 3440 889 quam·
3555 782 3560 786 ’

712 882 837 959 'uis
864 902 1021 957 non
1047 876 1233 954 adeo
1266 874 1719 959 diuturnum,-
1801 877 2028 955 Prior
2054 874 2394 953 vooebuli
2446 872 2866 977 ignificatio5
2911 900 2994 953 in
3251 900 3286 949 s
3299 896 3438 951 no-

722 986 852 1077 ta‚'
881 979 1144 1087 procul
1169 978 1399 1057 dubio
1449 978 1701 1055 locum
1728 977 1988 1071 habet,
2035 976 2336 1078 quando
2379 976 2651 1055 Cicero
2687 974 2880 1077 Tufi.
2917 980 3134 1085 Qae
3191 1032 3210 1055 .
3239 978 3306 1070 J,
3331 998 3444 1071 41.

722 1084 1063 1186 loquitur
1102 1081 1199 1158 de
1213 1082 1709 1183 perpetuitate
1732 1074 2206 1183 consequentis
2232 1083 2600 1180 temporie:
2647 1100 2788 1155 nec
2803 1101 2961 1153 non
2975 1100 3212 1180 quum
3233 1078 3442 1155 Plau-

722 1210 846 1266 tus
896 1187 974 1261 in
989 1182 1249 1281 Cistell.
1286 1186 1349 1275 Ι,
1371 1207 1435 1276 3.
1472 1210 1544 1260 v.
1586 1189 1705 1277 46.
1756 1180 2275 1283 conqueritur,
2351 1202 2438 1257 vt
2457 1176 2615 1275 sint
2661 1176 3008 1273 humana,
3081 1176 3270 1257 nihil
3313 1172 3442 1281 effi

710 1308 1144 1395 perpetuum
1185 1282 1455 1365 datum.
1554 1282 1926 1360 Posterior
1949 1305 2133 1359 vero
2160 1280 2399 1358 multo
2417 1281 2524 1356 est
2549 1278 3035 1383 frequentior,
3084 1300 3161 1356 et
3193 1278 3441 1371 nescio

726 1416 831 1479 an
862 1386 1229 1466 vocabulo
1272 1386 1495 1487 magis
1510 1439 1535 1480 ‚
1598 1392 1823 1487 quam
1876 1384 2083 1488 prior
2117 1383 2282 1477 ista,
2331 1380 2668 1499 propria.-
2774 1382 3028 1460 Oratio
3075 1406 3442 1461 PERPETVA

627 1502 647 1514 ‘
726 1516 888 1571 non
937 1488 1079 1581 est,
1132 1512 1321 1590 quae
1351 1487 1581 1564 finem
1622 1496 1797 1564 non'
1816 1485 2078 1579 habet,
2127 1482 2253 1561 sed
2289 1505 2636 1561 continua
2654 1538 2679 1578 ,
2751 1507 2914 1561 non
2947 1480 3436 1588 interpellata,

786 1616 957 1669 uam
992 1612 1069 1667 et
1107 1591 1575 1683 continentem
1623 1610 1843 1666 vocat
1872 1588 2035 1665 Cic.
2089 1584 2282 1686 Tufi.
2311 1582 2604 1693 Qaest.
2629 1588 2690 1680 I,
2713 1612 2782 1681 5.
2903 1588 3012 1663 Ita
3059 1609 3136 1666 et
3177 1580 3440 1665 Caesar

776 1722 814 1770 e
854 1696 1023 1771 Bell.
1050 1692 1229 1769 Gall.
1270 1696 1341 1769 V
1332 1694 1429 1785 II,
1452 1717 1568 1785 57.
1612 1689 1947 1792 paludem
1977 1712 2404 1767 PERPETVAM
2450 1708 2671 1781 vocat
2704 1712 2862 1765 non
2902 1686 3288 1782 infinitam,
3315 1680 3439 1764 sed

645 1865 659 1881 ,
730 1796 1013 1876 contim
1026 1818 1161 1869 iam
1176 1846 1201 1887 ,
1252 1814 1327 1869 et
1356 1818 1543 1893 quae
1572 1792 1785 1868 nullis
1828 1792 2014 1891 agris
2047 1788 2465 1866 'ficcioribus
2497 1788 2985 1891 distinguitur.
3107 1788 3321 1897 Qin
3367 1808 3444 1865 et

726 1921 1097 1979 PERPETVA
1134 1894 1453 1972 amicitia
1500 1892 2003 2000 QCiceroni
2049 1892 2126 1967 in
2180 1890 2396 1967 Petit.
2441 1888 2641 1989 Cons.=
2672 1892 2840 1993 Cap.
2903 1892 2976 1968 V
2973 1894 3020 1967 I
3019 1895 3077 1971 I.
3127 1916 3290 1968 non
3333 1890 3439 1967 est

726 1996 1205 2113 sempiterna,
1278 2020 1467 2097 quae
1516 2018 1672 2073 non
1714 1993 1909 2071 cadit
1952 1993 2034 2070 in
2075 1991 2262 2069 hanc
2299 1991 2816 2074 mortalitatem
2830 2047 2854 2087 ,
2927 1990 3052 2069 sed
3081 1993 3444 2072 continua

624 2149 632 2159 -
726 2096 1099 2199 nullisque
1134 2096 1449 2200 querelis
1498 2092 1775 2173 interm
1832 2117 1926 2173 ta.
2023 2094 2374 2197 Denique
2416 2094 2598 2171 dum
2627 2093 2824 2197 apud
2854 2096 3165 2186 Terent.
3177 2096 3444 2201 Hecyr-

728 2202 792 2296 Ι,
836 2228 896 2277 2.
940 2226 1011 2277 v.
1052 2201 1141 2277 12'.
1191 2196 1501 2287 Philotis
1544 2198 1679 2293 ait,
1802 2197 2116 2277 iennium
2158 2196 2584 2274 PERPETVVM
2633 2195 2980 2276 Corinthi
2992 2194 3078 2296 se
3107 2193 3441 2299 miseram

724 2296 960 2406 tultffi’
1001 2302 1305 2379 militem
1333 2297 2006 2393 inhumaniffi'mum:
2053 2296 2438 2375 manifesto
2467 2296 2742 2375 indicat
2769 2320 3066 2404 tempus
3093 2298 3440 2377 continu-

726 2428 883 2480 um.
1066 2399 1645 2504 uodeleganter,
1690 2421 1776 2476 vt
1799 2397 2017 2494 solet,
2067 2400 2488 2504 exprimens
2517 2402 2892 2478 Donatum
2953 2403 3045 2478 Vt
3073 2402 3440 2480 continua-

726 2505 991 2586 tionem
1004 2554 1029 2596 ,
1078 2503 1359 2605 inquit,
1382 2498 1509 2600 fici
1534 2498 1720 2599 casus
1747 2497 2134 2597 ostenderet
2147 2555 2172 2596 ,
2223 2527 2651 2580 PERPETVVM
2695 2503 2902 2582 dixit.
2997 2504 3152 2580 Iam
3169 2523 3444 2581 Vtram-

734 2627 888 2708 que
926 2601 1267 2680 vocabuli
1309 2601 1731 2688 notionem,
1760 2600 2014 2706 locum
2071 2601 2338 2680 habere
2381 2602 3026 2682 animaduertimus
3042 2658 3066 2693 ,
3139 2603 3466 2706 quando·

728 2729 1021 2785 veteres
1046 2703 1507 2781 mentionem
1552 2701 1830 2779 faciunt
1873 2726 2120 2784 Emori
2161 2729 2535 2782 Pmpn’rvi:
2589 2729 2732 2783 nec
2761 2705 3015 2782 audito
3062 2705 3206 2782 isso·
3220 2729 3442 2794 voca-

730 2807 948 2900 bulo,
1002 2806 1199 2884 illico
1228 2801 1791 2882 existimandum
1829 2803 1975 2898 est,
2026 2829 2154 2881 eos
2179 2805 2394 2882 nobis
2439 2831 2845 2884 memorare
2872 2805 3226 2900 edicium,
3271 2831 3440 2911 per·
3535 2815 3542 2830 “

730 2929 1061 3016 petuoet
1076 2904 1170 2985 ad
1196 2931 1500 2983 omnem
1582 2905 2030 2983 osteritatem
2045 2906 2464 3002 valiturum,
2520 2906 2646 2985 sed
2657 2907 3101 3013 plerumque
3116 2908 3444 3010 loquun-

727 3033 855 3089 tur
880 3009 979 3087 de
1001 3009 1280 3103 edisio,
1338 3029 1489 3110 ,uo
1572 3031 1709 3114 per
1747 3031 2023 3084 annum
2049 3006 2170 3086 vel
2195 3030 2490 3116 tempus
2519 3011 2968 3114 magistratus
3021 3009 3326 3106 muniri,
3359 3035 3442 3088 a·

726 3112 843 3192 liis
902 3137 997 3188 ue
1020 3112 1241 3203 ,nouis
1271 3133 1365 3186 ve
1390 3111 1501 3187 uti
1526 3107 1967 3213 interpellari
1993 3133 2150 3186 non
2191 3112 2465 3216 potuit.
2589 3115 2770 3221 Qo
2811 3109 3234 3206 obseruate,
3295 3114 3441 3191 iam

722 3213 800 3293 fa
848 3213 863 3229 ‘
898 3239 941 3290 e
971 3215 1191 3292 etiam
1228 3210 1700 3315 intelligimus
1719 3263 1743 3304 ‚
1794 3211 1927 3312 qui
1971 3209 2130 3290 fieri
2173 3213 2560 3319 potuerit,'
2598 3236 2684 3292 vt
2723 3214 3028 3292 demum
3059 3215 3440 3294 Hadriano

728 3317 921 3420 Imp.
956 3335 1341 3420 acceptum
1390 3309 1706 3390 feramus
1745 3329 2076 3396 Emc‘rvm
2135 3339 2591 3416 PmETva‚
2665 3339 2903 3420 quum
2953 3317 3099 3394 iam
3147 3317 3442 3422 pridem

730 3439 905 3494 ante
946 3417 1103 3492 eius
1143 3436 1480 3516 tempora
1520 3422 1900 3520 'praetores
1949 3442 2038 3492 ex
2103 3439 2386 3498 emens
2421 3413 2577 3519 ficis
2625 3417 3006 3500 PmeTws
3057 3419 3159 3498 ius
3197 3411 3442 3524 dixiffl’

728 3517 1269 3624 perhibeantur.
1986 3543 1992 3548 ·
2109 3545 2114 3550 ·
3067 3543 3074 3551 ’

1056 3809 1063 3814 ‚
1148 3721 1265 3800 Vt
1290 3715 1569 3799 remab
1600 3741 1757 3798 ouo
1782 3622 2215 3801 -ordiasmurx
2261 3717 2422 3801 duo
2447 3715 2905 3830 potiffimum
2945 3721 3191 3821 fiiisse,
3221 3721 3311 3802 su
3367 3745 3442 3804 ra

730 3819 1054 3900 diximus
1064 3877 1091 3918 ,
1140 3847 1331 4002 quae
1355 3823 1437 3902 in
1471 3822 1631 3901 iure
1680 3821 2084 3902 honorario
2115 3822 2600 3906 desiderarent
2636 3829 3188 3934 prudentiores:
3261 3853 3299 3906 a
3327 3851 3362 3906 t
3405 3871 3438 3886 ‹-

724 3947 887 4001 rum
902 3973 927 4018 ,
978 3949 1139 4024 quo
1220 3923 1509 4032 lingulis
1540 3925 1745 4002 annis
1778 3927 1849 4002 ei
1872 3925 2058 4004 noui
2085 3925 2272 4030 quid
2307 3929 2760 4009 adstruerent
2801 3930 3265 4008 succeffores:
3338 3927 3438 4008 al-

723 4045 1001 4138 terum,
1053 4027 1262 4126 quod
1288 4053 1385 4104 ne
1416 4051 1511 4103 eo
1536 4023 1703 4132 ipso
1788 4028 2039 4106 uidem
2065 4053 2262 4106 anno
2301 4029 2373 4108 se
2407 4029 2549 4109 suis
2578 4033 2828 4111 edictis
2861 4032 3246 4112 obstriezos
3279 4031 3437 4110 exi-

725 4125 1099 4241 stimarent
1127 4153 1207 4206 m
1295 4129 1573 4246 stratus
1586 4182 1611 4224 ,
1636 4126 1731 4246 ,se
1800 4183 1825 4224 ,
1874 4132 2170 4234 quoties
2197 4129 2608 4246 collibitum
2643 4133 2850 4231 effet,
2923 4158 3212 4214 nouum
3253 4127 3439 4312 q'uid

724 4226 1123 4356 edicerent.
1278 4239 1353 4312 -x‘
1356 4253 1605 4339 priore
1619 4231 1711 4354 iel
1736 4231 2242 4324 metuendum·
2263 4257 2417 4322 erat
2437 4237 2904 4327 incommodi
2917 4290 2944 4336 ,
2991 4261 3092 4322 ne
3133 4237 3249 4320 ius
3345 4257 3434 4310 o-
