3825 4800
612 317 733 397 758
956 298 1469 405 HISTORIA
1531 295 1675 375 ET
1737 296 1915 375 RES
1963 292 2381 375 GESTAE
2427 294 2960 381 LVDOVICI

608 508 773 563 rum
792 482 1287 591 quorumdam
1302 482 1633 587 grauium
1656 505 1740 559 ac
1752 478 2208 585 prudentum
2223 504 2438 559 curae
2457 480 2750 561 crediti.
2779 484 3206 565 Priusenim
3221 482 3328 563 fi-

604 589 701 667 tis
728 613 930 696 patet
955 614 1051 665 ex
1080 609 1456 665 mmor-nco
1490 606 2037 675 «mssmcmsb
2065 584 2142 679 r)
2185 585 2396 661 cuius
2438 584 2693 666 auelot
2715 585 2808 663 ad
2862 614 3136 668 annum
3171 612 3332 665 non

604 716 906 786 nccxtv,
958 688 1079 767 sed
1106 686 1649 789 insequentem:
1698 687 1789 763 Et
1804 687 1945 761 III.
1961 684 2131 762 Kal.
2161 689 2350 789 Aug.
2375 685 2644 789 inquit,
2685 688 2938 769 habuit
2973 688 3330 787 confilium

612 820 948 899 magnum
982 792 1057 869 in
1086 794 1337 894 Aquis,
1356 810 1429 865 et
1472 786 1832 885 constituit
1856 788 2032 865 duos
2035 786 2244 888 filios
2251 787 2427 888 ficos
2449 816 2692 887 περι-ῖς,
2705 792 3082 897 Ptppinum
3101 796 3204 891 rr)
3253 812 3332 870 et

612 894 1055 977 Clotbarium
1064 892 1290 995 staper
1304 890 1685 991 Bagoaria.
1788 889 2156 969 Posterius
2189 914 2372 967 vero
2399 916 2556 969 non
2583 894 2723 971 alio
2751 920 2828 973 ar
2929 916 3189 971 mento
3221 894 3336 969 lu-

610 998 971 1077 culentius
1002 999 1355 1098 probatur
1365 1045 1421 1097 ‚·
1446 1016 1671 1095 quam
1700 990 1909 1093 quod
1941 1014 2136 1067 anno
2165 992 2701 1073 DCCCXIIIl.
2729 1019 2806 1073 et
2857 994 3330 1098 equentibus,

611 1100 1019 1204 diplomata
1048 1096 1139 1175 ad
1170 1094 1585 1173 Boioariam
1631 1113 1707 1170 et
1744 1092 2220 1193 Aquitaniam
2254 1096 2731 1195 pertinentia,
2797 1122 3122 1200 quorum
3159 1122 3334 1202 per-

614 1202 845 1281 mulm
872 1224 969 1277 ex
994 1196 1609 1277 monasteriorum
1622 1192 1985 1274 tabulariis
2002 1218 2686 1277 erueruntnvnmvs
2703 1221 3229 1293 etesswotovS,
3259 1202 3330 1297 s)

588 1327 694 1403 ⁴et
726 1328 976 1381 smmi.
1026 1323 1368 1377 natvzivs
1387 1351 1410 1390 ,
1464 1301 1529 1396 t)
1576 1320 1733 1373 non
1762 1295 2093 1373 Lotharii
2131 1295 2246 1373 vel
2277 1300 2609 1403 Pippini,
2657 1299 2780 1377 sed
2816 1300 3188 1379 Ludovici
3220 1300 3332 1377 Pii

612 1406 923 1488 nomine
950 1400 1205 1506 scripta
1240 1398 1445 1493 sunt,
1494 1400 1555 1475 is
1616 1422 1710 1475 ue
1738 1395 1930 1473 adeo
1958 1396 2040 1473 in
2067 1395 2392 1479 filiorum
2429 1402 2668 1504 regnis
2707 1424 2788 1481 et
2813 1400 3202 1495 beneficia,
3250 1424 3328 1478 et

616 1506 995 1615 priuilegia
1030 1503 1165 1582 suo
1205 1500 1501 1581 arbitrio
1528 1524 1573 1575 e
1600 1498 1863 1601 argitus
1896 1499 2026 1592 est,
2079 1520 2157 1577 et
2185 1500 2460 1603 reliqua
2493 1504 2740 1585 omnia
2769 1503 2902 1581 suo
2931 1504 3168 1581 lubitu
3181 1502 3334 1581 dis·

726 1608 882 1700 suit.
980 1610 1263 1685 Interea
1296 1626 1707 1680 Lvoovmvs
1738 1600 1990 1676 noster
2031 1600 2275 1677 adhuc
2317 1627 2506 1708 puer
2527 1603 2932 1710 septenni8‚
2992 1604 3178 1682 teste
3205 1630 3333 1684 au-

614 1713 818 1791 &orc
853 1712 1041 1787 vitae
1068 1704 1440 1785 Ludouici.
1468 1702 1617 1796 Pii,
1665 1708 1753 1794 u)
1802 1700 2048 1777 adhue
2073 1703 2153 1779 in
2187 1726 2576 1804 parentum
2619 1706 3078 1811 amplexibus
3109 1706 3332 1783 haelit

612 1814 945 1920 ptiuatus
976 1831 1053 1889 et
1090 1828 1285 1887 anno
1312 1806 1817 1885 DCCCXVI.
1848 1826 1984 1879 eos
2011 1806 2091 1879 in
2125 1804 2446 1883 Galliam
2481 1806 2570 1883 ad
2599 1808 3128 1913 excipiendum
3161 1834 3331 1887 ετε-

618 1940 928 1996 mmm
968 1914 1239 2014 Papam
1268 1911 1364 1987 V.
1408 1902 1952 2011 proficiscentes
2001 1908 2393 1985 comitatus
2443 1908 2573 1987 est.
2671 1913 2950 2017 Qum·
2977 1910 3178 1987 enim
3209 1936 3330 1987 m-

618 2038 1041 2097 mai-tomis
1081 2009 1557 2111 Ludouieum
1600 2007 1815 2086 Pium
1867 2029 1964 2083 eo
2017 2011 2363 2115 cornicata
2397 2008 2514 2104 fit,
2565 2034 2839 2092 corona
2881 2010 3242 2115 imperiali
3287 2036 3327 2088 a

618 2118 985 2201 Pontifice
1015 2110 1405 2217 cingenda:
1450 2116 1537 2209 x)
1584 2134 1743 2189 non
1771 2107 1934 2185 sane
1971 2112 2346 2216 probabile
2373 2112 2504 2205 est,
2555 2138 2992 2193 Lvnovicvm
3019 2110 3230 2191 auelli
3255 2110 3330 2189 se

620 2220 899 2327 passum
926 2246 965 2297 a
996 2237 1385 2323 parentum
1420 2212 1903 2315 amplexibus.
2001 2214 2252 2291 Immo
2294 2238 2408 2291 res
2447 2236 2641 2292 certa
2683 2216 2830 2309 est,
2883 2240 2980 2291 ex
3009 2236 3330 2295 moun

620 2350 905 2404 Νιῦειιι
956 2324 1039 2420 y)
1088 2316 1550 2410 testimonie,
1604 2314 1737 2416 qui
1766 2336 1936 2389 toto
1959 2312 2088 2389 illo
2115 2316 2588 2420 Imperatoris
2617 2339 2694 2395 et
2725 2314 3100 2395 Pontificis
3127 2319 3332 2395 Max.

600 2423 1002 2530 .congreflu
1044 2419 1227 2534 mira
1276 2415 1613 2498 facundia
1657 2412 2062 2519 descripte,
2113 2417 2420 2500 demum
2463 2419 2560 2498 de
2601 2420 3030 2498 muneribus
3061 2419 3152 2500 ab
3181 2419 3330 2500 hob

622 2524 1023 2610 distributis
1066 2517 1299 2598 addit:
2497 2577 2502 2580 .
2633 2523 2643 2528 “
2823 2525 2854 2550 ·

1050 2643 1441 2746 MuYtaque
1456 2659 1845 2742 praeterea
1870 2641 2271 2722 cumulauit
2297 2666 2597 2719 munera
2613 2636 2930 2744 praeful,

1137 2750 1421 2826 Aurum
1434 2741 1569 2845 stu
1600 2739 1863 2844 vestes-3
1914 2771 2104 2850 quae
2119 2743 2265 2841 sibi
2293 2745 2516 2822 Roma
2539 2742 2761 2822 dedit.
2863 2815 2892 2824 ,
3121 2847 3200 2924 D

1814 2881 1829 2916 ι
3197 2871 3328 2926 ona

762 3069 825 3152 r)
881 3061 1080 3154 Apud
1114 3057 1202 3128 du
1234 3051 1489 3126 Chesne
1516 3051 1603 3123 T.
1644 3053 1757 3122 111.
1788 3027 1856 3146 p.
1886 3076 2030 3148 ¹47·

768 3169 865 3257 rr)
918 3169 1007 3236 Ita
1036 3162 1208 3255 apud
1252 3157 1613 3228 Chesneum
1660 3155 1898 3247 legitur
1912 3175 1938 3224 τ
2005 3155 2300 3247 quamuis
2329 3153 2564 3247 procul
2595 3151 2802 3224 dubio
2829 3155 3081 3248 aliquot
3125 3159 3327 3230 verba

912 3285 1106 3338 textu
1150 3261 1557 3336 exciderint,
1644 3255 2131 3348 legendumque
2172 3259 2445 3325 omnino
2493 3257 2835 3327 videatur:
2914 3275 2980 3324 et
3017 3257 3335 3346 constituit

922 3373 1079 3436 dnos
1090 3360 1265 3454 Jz'lios
1311 3361 1379 3429 in
1437 3381 1639 3430 neces
1664 3407 1681 3438 ,
1752 3358 2098 3444 Pippinmn
2141 3357 2210 3427 in
2255 3356 2610 3446 Aquitania
2625 3405 2644 3439 ,
2716 3373 2784 3426 et
2831 3360 3216 3428 clotharium
3263 3363 3332 3430 in

922 3463 1260 3555 Bagoaria.
1356 3465 1535 3532 Talia
1552 3461 1746 3529 multa
1765 3479 2122 3529 occurrunt
2149 3464 2214 3530 in
2243 3458 2522 3552 pretiosa
2555 3459 2656 3528 illa
2697 3479 2894 3532 Anna
2949 3483 3329 3535 nvem-:sun

916 3567 1303 3642 collefflone
1326 3616 1345 3647 ‚
1390 3585 1480 3633 ex
1510 3564 1749 3653 quibus
1778 3563 2078 3660 colligas,
2130 3564 2296 3633 illius
2344 3561 2624 3634 editioni
2647 3581 2878 3654 patum
2915 3583 3112 3636 curae
3149 3565 3334 3638 adhi-

922 3673 1157 3742 bitum.
1524 3689 1537 3712 ⁸

772 3775 838 3869 s)
886 3770 1175 3847 Gewold.
1214 3767 1510 3856 Metrop.
1540 3763 1765 3834 Salisb.
1798 3785 1844 3858 p
1890 3771 1994 3842 86.

771 3881 833 3973 t)
882 3873 1232 3970 capitular.
1259 3869 1462 3938 Tom.
1488 3867 1566 3936 11.
1600 3889 1666 3959 p.
1709 3885 1885 3958 1405.
1927 3866 2108 3961 sequ.

605 4013 616 4024 ·
769 3981 851 4073 u)
901 3981 1009 4049 Ad
1036 3999 1181 4045 ann.
1224 3988 1373 4054 814.
1418 3979 1489 4060 p.
1520 3975 1645 4056 362.

770 4083 859 4172 x)
906 4079 1261 4168 Theganus
1302 4073 1387 4141 de
1416 4070 1555 4164 gest
1600 4071 1864 4144 Ludou.
1908 4069 2008 4140 Pii
2041 4069 2202 4160 Cap.
2232 4067 2442 4141 XVII.-

770 4181 851 4279 y)
900 4181 1041 4252 Lib·
1070 4179 1145 4248 [ιο
1188 4199 1257 4247 v·
1284 4197 1430 4260 457·
