3825 4800
648 393 787 470 ,74
950 421 955 426 ,
1448 365 1893 454 Emc‘rr
1977 319 2668 453 PERPETvr·
2746 456 2759 464 .

656 553 824 636 dice
874 551 955 631 Τ
956 549 1405 632 heodosiano
1460 575 1769 657 Vtraque
1808 576 1962 632 ma-

614 679 621 684 ·
659 655 843 734 teria
869 655 957 734 de
980 681 1057 734 co
1106 655 1439 734 nitoribus
1450 678 1525 732 et
1536 677 1962 760 procurato·

659 757 850 837 rihus
932 678 1203 834 eoriem
1288 755 1511 834 titulo
1594 755 1960 834 traeiatur.

666 857 905 979 Qod
930 857 1137 936 fimul
1164 879 1598 962 argumento
1626 859 1774 953 est,
1824 881 1962 938 co-

662 985 988 1068 gmtores
1036 985 1193 1038 non
1232 959 1467 1040 modo
1516 961 1741 1040 Paulli
1770 981 1964 1038 aeta-

660 1087 762 1160 te,
812 1060 937 1142 sed
954 1063 1042 1140 et
1068 1062 1308 1140 multo
1334 1063 1507 1166 post
1530 1059 1661 1140 sub
1693 1061 1964 1149 Theo—

660 1165 871 1244 dofio
928 1167 1023 1244 Π.
1071 1165 1153 1243 in
1208 1163 1379 1242 fom
1436 1187 1597 1243 non
1656 1165 1963 1268 ignotos

660 1267 868 1348 fuine
883 1320 908 1360 ‚
969 1289 1053 1345 ac
1094 1265 1411 1370 proinde
1447 1289 1605 1344 non
1644 1262 1964 1370 potuisse

662 1370 823 1458 fieri
839 1423 863 1464 ‚
925 1393 1011 1448 vt
1057 1371 1356 1448 Praetor
1392 1365 1559 1446 illos
1592 1369 1673 1446 in
1700 1365 1963 1446 Editio

660 1473 797 1556 suo
924 1469 1114 1550 fioeo
1224 1469 1419 1576 pede
1514 1467 1963 1575 praeteriret.

664 1575 1031 1684 Qamuis
1104 1595 1299 1651 vero'
1340 1571 1817 1678 cognitorum
1880 1571 1964 1648 in

662 1675 1037 1788 pandeffis
1067 1701 1151 1752 ac
1177 1673 1435 1752 codice
1461 1698 1601 1751 nec
1631 1671 1796 1751 vola
1832 1695 1962 1748 ex-

666 1783 809 1860 stet
823 1835 850 1875 ‚
901 1802 1041 1856 nec
1084 1777 1467 1880 vestigium
1486 1829 1510 1870 ‚
1562 1797 1639 1852 et
1678 1773 1962 1852 Tribo—

661 1885 965 1966 nianum
990 1879 1071 1958 in
1110 1875 1609 1983 expungendo
1646 1876 1797 1957 hoc
1826 1897 1964 1953 vo-

656 1983 921 2064 cabulo
948 1977 1567 2084 diligentissimum
1582 1975 1811 2072 fuisse,
1838 1974 1964 2056 vel

664 2113 765 2166 ex
800 2082 949 2163 sola
1006 2084 1063 2165 l.
1098 2098 1205 2170 28.
1251 2083 1317 2178 §.
1374 2107 1443 2176 7.
1488 2081 1585 2158 D.
1610 2081 1721 2180 ste
1754 2102 1961 2184 poen.

662 2206 1085 2293 comparata
1154 2207 1327 2260 eum
1392 2181 1626 2262 Paulli
1682 2183 1983 2286 Recept.'

666 2297 860 2385 Sem.
908 2292 991 2380 V,
1032 2314 1071 2362 2
1062 2313 1133 2381 5,
1180 2313 1270 2366 10.
1336 2285 1673 2384 ὀφθαλμο
1738 2291 1968 2390 “vegas-

664 2388 887 2498 posfit
914 2385 1429 2465 demonstrari:
1460 2383 1675 2492 super
1704 2408 1842 2463 unt
1852 2408 1963 2463 ta—

644 2516 840 2585 ‘men
870 2486 1231 2592 quaedam
1259 2512 1549 2572 YLmAm
1590 2510 1668 2565 et
1705 2512 1960 2565 mnu
1997 2520 2002 2527 ·

505 2598 520 2611 “
664 2590 1069 2697 fragmenta
1086 2642 1110 2683 ,
1160 2613 1353 2691 quae
1384 2588 1477 2665 ad
1514 2588 1803 2667 nullum
1834 2584 1962 2673 ali-

582 2903 625 2926 “·
773 2896 867 2977 ffe
908 2892 1273 2977 videntur.
1374 2896 1537 2975 Cur
1580 2893 1787 2999 plura
1828 2918 1962 2972 ex—

662 2924 851 3081 ffire
924 2996 1045 3097 effi
1072 3022 1226 3075 non
1256 2993 1395 3075 sint
1423 2996 1851 3101 Digestores
1860 3007 1902 3089 ‚'
1921 3020 1962 3071 a

642 3026 995 3209 Lpluriffus
1026 3094 1464 3215 quaesitum,
1570 3124 1736 3179 uam
1754 3096 1843 3174 ad
1872 3096 1962 3177 li-

720 3196 979 3282 uidum
1068 3200 1455 3280 erduaum
1476 3226 1517 3277 e
1699 3200 1968 3279 Parum

660 3233 827 3403 ilaue
856 3302 980 3381 sol'
1116 3304 1225 3381 est
1236 3300 1627 3381 Theodori
1654 3299 1965 3379 Marcilii

664 3407 890 3499 ratio,
940 3428 1168 3506 quam
1198 3404 1281 3481 in
1312 3404 1515 3481 Notis
1527 3404 1632 3480 ad
1647 3400 1962 3503 §.1.Inst.

650 3528 791 3613 per
880 3532 1005 3587 uos
1042 3531 1158 3621 ag.
1184 3498 1355 3619 pff
1410 3503 1687 3598 attulit,
1738 3524 1960 3683 Ruta,

715 3634 767 3687 u
903 3608 1407 3725 cognitoribus
1440 3626 1727 3682 tantum
1827 3628 1958 3683 cus

654 3634 881 3792 {luerit
909 3709 987 3787 in
1002 3704 1287 3787 iudiciis
1302 3705 1704 3802 ordinariis,
1732 3704 1958 3785 adeo-

660 3836 813 3915 que
856 3810 1101 3892 nullus
1150 3806 1585 3903 eorumdem
1616 3807 1789 3886 vsus'
1811 3833 1952 3913 po-

656 3914 883 3995 tuerit
916 3905 1307 4017 supereffe,
1374 3935 1469 3995 ex
1514 3934 1675 4012 quo
1703 3910 1952 3989 omnia

654 4012 929 4093 iudicia
966 4014 1353 4121 coeperint
1378 4010 1519 4095 effe
1556 4010 1962 4091 extraordi-

650 4115 991 4302 2:12232
1006 4110 1335 4327 w
1366 4214 1926 4329 s

628 4394 663 4428 .··
763 4384 785 4426 ›
1006 4393 1011 4404 ·
1432 4397 1439 4405 ·
1518 4390 1532 4409 v
1591 4392 1605 4407 ·
1654 4367 1661 4383 ’

2027 4220 2380 4341 fiius&

2059 553 2328 634 torinm
2371 575 2678 658 operam
2719 560 3010 630 tantum
3050 549 3136 628 in
3169 548 3360 640 iudi-

2060 658 2190 734 ciis
2221 653 2602 734 ordinariis
2627 642 2968 731 eluxifl‘e?
3020 657 3194 730 Nec
3205 677 3360 730 ma-

2109 757 2171 837 is
2221 755 2628 836 verosimile
2686 755 2794 834 est
2845 776 3364 832 commentum

2095 885 2200 940 ac.
2217 856 2572 940 Gutherii
2583 913 2608 952 ,
2651 858 2740 936 de
2779 855 2950 959 offic.
2977 857 3158 934 dom.
3169 858 3364 960 Aug.

2059 965 2122 1058 I,
2149 989 2252 1056 25·
2269 959 2772 1054 existimantis,
2803 983 2900 1035 ex
2930 957 3366 1060 eo,demum

2060 1086 2406 1168 tempore
2421 1115 2450 1158 ‚
2527 1084 2688 1164 quo
2732 1061 2896 1138 vice
2941 1057 3127 1136 sacra
3169 1054 3372 1135 iudi-

2061 1189 2308 1244 cantes
2337 1190 2411 1242 co
2458 1163 2727 1242 nitores
2760 1160 2908 1238 dici
2935 1183 3072 1238 coe
3169 1159 3326 1236 rint
3343 1211 3374 1252 ,

2062 1267 2280 1346 exole
2337 1267 2353 1282 ”
2411 1290 2456 1342 e
2514 1263 2985 1368 cognitorum
3105 1255 3372 1355 ,τεοῦ-ε

2061 1395 2192 1448 um
2220 1391 2500 1445 nomen
2511 1419 2536 1463 ‚
2583 1391 2680 1442 ne
2723 1361 2909 1468 quid
2957 1361 3096 1440 hac
3124 1360 3373 1440 deno-

2061 1468 2464 1550 minatione
2515 1465 2814 1544 illorum
2857 1463 3192 1568 dignitati
3229 1461 3372 1540 de-

2061 1571 2323 1652 cedere
2370 1567 2766 1648 videretur.
2861 1569 3122 1673 Qum
3157 1566 3376 1646 enim

2059 1677 2628 1759 Procumtorum
2679 1667 3000 1750 Caesaris
3049 1668 3378 1773 dignitas

2063 1772 2490 1882 ampliffima
2561 1798 2718 1852 non
2769 1771 3119 1865 obstaret,
3197 1793 3380 1872 quo

2059 1877 2306 1960 minus
2339 1897 2850 1982 procuratores
2881 1869 3203 1952 forenses
3233 1897 3382 1950 ve-

2061 2005 2182 2061 tus
2225 2003 2506 2060 nomen
2561 1976 2993 2055 retinerent:
3072 1997 3208 2052 cur
3259 1975 3382 2054 ob

2059 2109 2156 2162 co
2257 2083 2533 2160 'torum
2560 2079 2990 2183 dignitatem
3003 2073 3388 2159 sublatum

2058 2212 2105 2265 e
2157 2211 2200 2262 e
2253 2208 2350 2262 co
2452 2183 2726 2259 'torum
2780 2177 3180 2258 forensium
3223 2205 3388 2258 no-

2057 2310 2270 2381 men,
2459 2287 2796 2372 tuamus?
2905 2281 3224 2362 Minime
3286 2279 3387 2361 ό-

2057 2390 2346 2469 mnium
2359 2385 2722 2468 credimus
2733 2383 3171 2491 Pandulpho
3195 2385 3392 2467 Pra-

2057 2492 2217 2569 teio
2261 2492 2560 2596 Iuricpr.
2629 2488 2810 2567 med.
2850 2490 2968 2585 II,
3008 2514 3080 2580 9.
3125 2498 3392 2571 totam

2061 2593 2252 2671 hanc
2301 2593 2788 2671 mutationem
2837 2588 3132 2696 supinae
3179 2590 3382 2671 Tri-

2060 2694 2360 2773 boniani
2431 2692 2908 2801 negligentiae
2985 2692 3386 2775 tribuenti.

2059 2800 2305 2877 Immo
2347 2820 2486 2875 nos
2529 2796 2782 2900 potius
2829 2792 3003 2875 inde
3055 2794 3219 2872 eius
3259 2794 3392 2877 di-

2057 2896 2432 3003 ligentiam
2458 2895 2946 3001 prudentiarn'
2979 2921 3074 2978 ue
3113 2896 3386 2979 eluce-

2059 3026 2140 3079 re
2163 2999 2592 3100 Qrbitramur
2603 3054 2628 3095 ‚
2678 2996 2890 3101 quod
2951 3000 3249 3079 eruauit
3259 3002 3390 3105 in-
3493 3086 3506 3093 ,

2063 3102 2442 3197 stitutum,
2515 3098 2703 3201 nihil
2762 3126 2858 3179 ue
2933 3101 3015 3179 in
3081 3105 3398 3223 corpus

2060 3200 2318 3299 suum,
2361 3202 2494 3282 nifi
2524 3228 2682 3307 quo
2765 3202 2844 3281 in
2870 3200 3036 3319 ipsis
3067 3191 3394 3309 obtine.-

2059 3328 2174 3387 ret
2213 3330 2458 3383 rerum
2495 3306 2938 3409 argumentis
2957 3358 2981 3399 ‚
3055 3304 3394 3387 admise-

2059 3408 2178 3487 rit.
2299 3408 2463 3511 Ego
2515 3407 2986 3513 cognitorum
3035 3410 3392 3490 vocabu-

2059 3508 2218 3587 lum
2265 3508 2443 3587 ideo
2499 3508 2932 3613 expunxiss‘e
2978 3506 3131 3585 scio
3189 3514 3392 3601 Tri-

2057 3610 2458 3689 bonianum
2473 3666 2498 3705 ,
2547 3610 2761 3717 quod
2789 3636 3051 3692 eorum
3077 3612 3164 3690 in
3189 3610 3388 3695 foro

2055 3736 2336 3795 nomen
2375 3712 2522 3807 iam
2567 3706 2860 3819 pridem
2897 3702 3392 3799 exoleuiflet:

2052 3812 2396 3909 mulssim,
2441 3838 2574 3892 cur
2615 3814 3058 3911 exoleuerit,
3121 3816 3398 3901 fateor

2057 3940 2183 3993 me
2210 3910 2386 3993 scire
2413 3942 2587 3994 cum
2617 3914 3084 4020 ignarissimiS.
3222 3925 3394 4005 Ce-

2057 4038 2300 4095 terum
2323 4018 2462 4097 Iac.
2495 4018 3016 4099 Gothofredus
3053 4020 3136 4097 in
3167 4026 3400 4107 Ser-ie

2055 4118 2285 4199 Edicit?
2307 4119 2645 4309 peffetui
2701 4120 2880 4199 huic
2915 4120 3003 4199 de
3051 4130 3396 4227 cognito-

2459 4244 2517 4324 o
2559 4222 2965 4331 praemittit
3009 4222 3258 4309 alium
3301 4232 3401 4316 de

2510 4344 2525 4359 ‘
2807 4331 2816 4343 ’
2911 4332 2918 4340 ’
2955 4333 2967 4344 “
3105 4335 3400 4414 'annalib-

2197 4456 2207 4465 ι

3677 4240 3718 4764 μω-ῥ-ΑΔ...
3706 4110 3716 4166 .,.
