3825 4800
740 399 923 480 ΗΒ.
966 397 1067 480 11.
1115 393 1345 476 CAP.
1392 395 1523 476 111.
1583 396 1723 476 DE
1772 397 2162 480 SALVIO
2215 401 2682 544 IYLLQNO
2733 407 3030 487 ICTO.
3137 439 3266 534 241

515 581 743 664 idem
786 581 1129 664 adfirmet
1164 567 1262 658 de
1306 577 1707 675 Africano,
1759 599 1837 658 et
1866 573 2240 662 Terentio
2269 583 2704 684 Clemente,
2769 614 3100 692 quorum
3135 591 3262 674 ille

594 686 987 788 letumque
1016 683 1279 761 Iuliani
1301 679 1741 760 sententiam
1780 682 2281 787 amplecffitur,
2335 685 2460 764 hic
2487 713 2646 768 non
2671 691 2909 769 modo
2943 692 3104 772 eius
3125 721 3256 773 au-

540 711 881 866 goi-itm
916 783 1203 900 saepius
1240 785 1507 875 vtitur,
1557 783 1685 862 sed
1732 807 1811 862 et
1838 811 2034 863 sva
2085 811 2304 865 vocat
2345 789 2732 869 Iulianum.
2805 794 2857 871 l.
2899 807 2958 872 6.
3017 797 3116 874 D.
3171 797 3258 876 de

532 891 727 992 vulg.
760 911 837 966 et
864 889 1117 990 puptll.
1130 882 1348 986 stcbst.
1446 885 1593 964 Sed
1618 885 1861 964 multo
1890 886 2168 990 plureS,
2197 911 2282 965 vt
2303 888 2516 1006 supra
2551 893 2914 988 diximuS,
2967 921 3064 972 ex
3095 897 3258 976 eius

536 991 731 1068 libris
772 988 1294 1096 profecerunt,
1361 1010 1443 1064 et
1487 989 1707 1092 pauci
1744 987 1833 1064 ab
1884 988 2046 1064 eius
2103 1011 2334 1068 aetate
2374 995 2992 1097 iurisprudentiae
3035 996 3255 1078 laude

536 1093 985 1183 floruerunt,
1036 1089 1311 1193 quibus
1342 1090 1605 1167 Iuliani
1626 1089 1859 1168 nostri
1883 1113 2112 1193 opera
2145 1117 2302 1170 non
2329 1091 2607 1174 fuerint
2629 1097 2712 1174 in
2741 1095 3044 1190 deliciis,
3061 1099 3254 1178 adeo

540 1217 617 1273 vt
652 1216 1143 1272 communem
1198 1190 1407 1270 illum
1458 1189 2149 1281 iurisconsultorum
2185 1218 2754 1302 praeceptorem
2793 1222 2952 1278 non
2992 1199 3118 1280 abs
3169 1225 3254 1280 re

546 1295 837 1375 dixeris.

1702 1396 1771 1492 §.
1821 1397 2146 1474 XXVII.

954 1493 1077 1571 De
1110 1489 1336 1586 seela,
1386 1497 1507 1572 cui
1540 1520 1827 1574 nomen
1864 1497 2202 1592 dederat,
2252 1499 2590 1578 dubitare
2621 1523 2764 1577 nos
2799 1525 2960 1580 non
2977 1503 3260 1608 patitur

544 1595 1005 1699 Pomponius
1018 1649 1043 1688 ,
1094 1597 1231 1696 qui
1258 1621 1433 1674 eum
1464 1599 1659 1674 inter
1691 1597 1930 1676 Sabini
1965 1598 2396 1680 successores
2437 1601 2702 1680 diserte
2744 1602 2987 1682 refert.
3085 1603 3260 1684 Fuit

548 1700 786 1801 itaque
822 1697 1257 1774 Sabinianus
1290 1721 1367 1776 et
1380 1697 1795 1794 CaffianuS,
1841 1699 2072 1816 idque
2089 1702 2234 1779 iam
2260 1730 2300 1780 a
2338 1703 2588 1781 multis
2617 1700 2778 1780 fuse
2795 1703 3256 1783 demonstra-

550 1825 693 1879 tum
723 1798 877 1890 est,
926 1819 1014 1876 vt
1044 1799 1319 1876 mirum
1346 1798 1428 1876 lit
1444 1825 1619 1878 eum
1644 1801 2296 1880 Proculeianorum
2327 1805 2494 1883 albo
2513 1803 2913 1882 adscribere
2941 1830 3098 1884 non
3115 1803 3256 1884 du-

546 1900 779 1980 bitass'e
805 1902 1012 2002 Hug.
1038 1899 1337 1979 Donell.
1369 1904 1627 1982 Comm.
1671 1905 1751 1996 V,
1780 1907 2128 1998 25.·et10.
2155 1906 2616 1984 Goeddeum
2665 1908 2742 1984 in
2777 1911 2840 1986 C
2903 1935 3054 1996 um..
3074 1908 3180 1986 ad
3203 1907 3258 1987 l.

552 2014 643 2082 26.
668 2005 771 2079 D.
802 2001 889 2076 de
912 1998 1305 2101 amhfign.
1334 2029 1407 2082 n.
1450 2030 1537 2083 ιο.
1546 2001 1756 2108 st’qu.
1866 2007 2056 2083 Sane
2099 2007 2302 2082 enim
2345 2033 2506 2084 non
2551 2007 2788 2084 modo
2831 2009 3258 2088 Sabiniano-

556 2127 725 2182 rum
748 2125 963 2178 more
986 2103 1063 2178 in
1088 2123 1435 2189 veterum
1464 2105 1891 2183 auetoritate
1923 2128 2000 2182 et
2041 2106 2326 2208 placitis
2363 2105 2703 2202 subsistit,
2749 2109 2800 2186 l.
2821 2135 2926 2199 51.
2965 2111 3034 2206 §-
3076 2135 3125 2186 1.
3157 2111 3257 2188 D.

563 2204 665 2284 ad
688 2202 742 2281 l.
772 2202 1039 2304 Aquiu.
1100 2204 1147 2278 Ι.
1166 2230 1258 2296 3ι.
1272 2227 1397 2308 pr.
1426 2227 1499 2284 et
1526 2208 1597 2304 §.
1640 2233 1691 2285 1.
1736 2210 1835 2282 D.
1866 2207 1954 2284 de
1977 2209 2178 2307 vulg.
2226 2230 2301 2284 et
2323 2229 2492 2310 pup.
2517 2206 2736 2309 ficbst.
2785 2206 2976 2286 adeo
3027 2230 3114 2286 vt
3155 2231 3260 2288 ne

565 2307 643 2384 in
670 2302 1001 2382 rationes
1024 2305 1321 2404 quidem
1344 2307 1525 2384 iuris
1558 2306 1905 2387 mm'ofius
1929 2309 2010 2386 in
2064 2308 2458 2386 uirendum
2491 2310 2898 2405 existimet,
2945 2311 2998 2388 l.
3031 2337 3132 2388 ιο.
3151 2311 3252 2388 D.

560 2408 641 2487 de
660 2406 877 2507 legib.
910 2430 1161 2485 verum
1204 2409 1431 2487 etiam
1458 2410 1904 2487 nominatim
1933 2408 2004 2487 se
2111 2432 2356 2489 teatur
2383 2412 2560 2489 adsti
2621 2411 2800 2489 ulari
2831 2410 3258 2505 Sabinianis,

552 2512 593 2591 l.
620 2535 705 2589 11.
734 2508 899 2605 513.
928 2508 1026 2585 D.
1053 2508 1142 2585 de
1174 2510 1415 2590 donat.
1458 2513 1591 2591 int.
1616 2511 1761 2591 vir.
1786 2535 1859 2590 et
1885 2538 2010 2589 vx.
2107 2512 2379 2592 Sabino
2409 2534 2488 2589 et
2595 2512 2804 2607 affio,
2863 2514 2918 2591 l.
2967 2538 3032 2607 3.
3073 2514 3146 2611 §.
3193 2522 3256 2591 6.

552 2614 641 2691 D:
665 2611 757 2689 de
780 2610 909 2688 lib.
940 2631 1018 2686 et
1114 2608 1332 2707 stum.
1378 2616 1433 2693 l.
1460 2640 1513 2693 1.
1538 2616 1609 2709 §-
1628 2640 1695 2705 5.
1725 2614 1823 2689 D.
1850 2612 1938 2691 de
1970 2612 2190 2719 adqu.
2217 2638 2297 2693 et
2336 2614 2576 2692 amitt.
2607 2610 2868 2717 poffeffi
2926 2616 2980 2693 l.
3025 2638 3128 2707 3ο.
3155 2614 3260 2691 D.

550 2716 625 2793 de
662 2714 791 2791 lib.
834 2631 1166 2814 candal.
1220 2728 1323 2798 28.
1366 2716 1435 2812 §.
1488 2740 1541 2793 ι.
1580 2716 1679 2791 D.
1718 2714 1809 2791 de
1858 2715 2160 2793 iureiur.
2219 2716 2274 2794 l.
2319 2743 2426 2809 14.
2467 2718 2536 2813 §.
2559 2744 2621 2793 2.
2655 2720 2754 2795 D.
2779 2716 2870 2793 de
2899 2718 3031 2793 aa,
3057 2715 3262 2793 emti.

553 2817 828 2895 Contra
858 2812 1391 2893 Proculeianos
1422 2814 1672 2919 paffim
1700 2813 2007 2907 refellit,
2053 2837 2133 2891 et
2159 2814 2403 2920 ipsum
2431 2816 2774 2895 Edictum
2803 2838 3256 2921 perpetuum

548 2916 629 2995 ali
684 2912 945 2991 nando
969 2914 1341 2995 Labeonis
1367 2912 1769 2995 sententiae
1798 2942 1849 2993 o
1902 2914 2156 3033 posuit
2171 2972 2194 3011 ,
2241 2940 2382 2995 ceu
2411 2938 2618 3022 patet
2643 2942 2744 2995 ex
2784 2916 3040 3021 insigni
3081 2916 3262 2993 loco

551 3018 667 3114 Ca,
700 3018 721 3031 '
836 3017 937 3093 ati
987 3016 1037 3093 l.
1070 3041 1121 3094 1.
1154 3018 1223 3113 §.
1260 3044 1311 3097 ι.
1338 3020 1437 3096 D.
1460 3018 1551 3100 de
1575 3016 1736 3097 iure
1750 2942 1972 3121 fisst..
2032 3018 2480 3120 Plerumque
2525 3044 2564 3095 a
2599 3022 2676 3099 P.
2703 3018 3054 3109 quentio
3087 3016 3266 3133 Cel·
3339 3030 3348 3038 ’

554 3118 627 3199 so
650 3116 1151 3197 Proculeiano
1182 3142 1358 3196 eum
1386 3118 1749 3197 diffentire
1767 3174 1790 3213 ,
1838 3120 2402 3197 luculenteriam
2430 3117 2965 3197 demonstrauit
3007 3120 3264 3197 Cmac.

560 3218 716 3319 obſs
748 3222 949 3312 VIII,
971 3246 1077 3312 35.
1114 3240 1189 3295 et
1218 3224 1521 3323 XXVII,
1572 3246 1657 3313 ι3.
1708 3220 2350 3320 quemadmodum
2393 3245 2568 3299 eum
2609 3218 3006 3325 saepiflime
3051 3236 3264 3295 notat
3319 3258 3327 3266 ·

560 3322 825 3438 leius
856 3318 1289 3415 MarcelluS,
1356 3347 1589 3423 quem
1634 3320 1727 3397 ad
1755 3320 1976 3401 Saluii
2007 3321 2266 3401 Iuliani
2303 3321 2532 3397 libros
2571 3318 3266 3400 Animaduerfiones

566 3418 885 3529 scripfiffe
918 3422 1239 3515 constat,
1290 3424 1577 3501 Proculi
1606 3446 1789 3501 vero
1800 3423 2130 3528 partibus
2157 3420 2710 3501 addifflffimum
2731 3422 2939 3500 fuisse
2955 3422 3270 3536 demon·

571 3524 731 3601 strat
761 3524 1026 3609 Merill.
1062 3522 1230 3625 Ohst
1246 3528 1303 3619 l,
1330 3542 1435 3613 28.
1494 3527 1646 3617 VII,
1685 3540 1781 3613 ιε.
1878 3525 2034 3603 Hic
2065 3524 2266 3601 enim
2294 3522 2520 3603 seciae
2545 3526 2790 3603 studio
2809 3522 2998 3603 adeo
3021 3544 3266 3601 mmu-

572 3627 771 3703 tatim
796 3626 1059 3705 omnes
1078 3627 1341 3705 Iuliani
1370 3625 1771 3705 decisiones
1794 3624 2142 3717 -excuffit,
2193 3648 2276 3703 vt
2305 3651 2447 3729 pro
2495 3624 2752 3731 insigni
2793 3624 3124 3703 veritatis
3163 3644 3273 3699 ar·-
3304 3658 3310 3663 -

574 3750 919 3829 gumento
956 3726 1295 3805 habitum
1318 3728 1580 3822 fuerit,
1638 3728 1691 3805 fi
1734 3728 2084 3807 Marcello
2125 3727 2228 3805 illi
2275 3752 2444 3803 cum
2485 3728 2768 3805 Iuliano
2809 3725 3273 3805 conueniret.

578 3828 815 3905 Cuiac.
864 3827 1033 3930 Obfi
1052 3833 1162 3907 XI
1170 3835 1251 3923 V,
1270 3859 1374 3927 35.
1468 3836 1763 3934 Menag.
1806 3832 2337 3908 Amoem'tslur.
2368 3828 2518 3907 Ciu.
2553 3831 2814 3907 XXIV.
2843 3850 2918 3930 p.
2959 3852 3080 3921 ¹33·
3125 3822 3276 3904 Sed

582 3928 2828 4133 ffifflzffiffffinkfflffi‘ssssfflvsffisss
2844 3930 3284 4109 ῗξέιὲἑὲἰῐ

2159 4086 2182 4125 ‚
2911 4095 2914 4097 ,

588 4136 917 4235 'tanquam
944 4132 1249 4211 claudus
1278 4136 1472 4243 pilae
1508 4136 1954 4229 inhaereret,
2015 4156 2094 4211 et
2134 4132 2254 4211 vel
2305 4133 2553 4211 omnia
2597 4161 2636 4211 a
2681 4132 3002 4211 Proculo
3045 4132 3282 4209 edich

588 4236 1138 4336 reprehenderet
1148 4290 1175 4331 ,
1244 4238 1373 4319 vel
1416 4237 1976 4339 Sabinianorum
2033 4236 2295 4341 placita
2353 4260 2498 4341 pro
2559 4237 2880 4315 oraculis
2925 4232 3286 4315 habuerit.

686 4338 1167 4451 (lm-Ppufi'·
1200 4338 1503 4442 Pastum.
1540 4342 1729 4421 Tom.
1759 4343 1852 4439 I.)
2207 4336 2354 4417 Hh
3084 4333 3289 4411 Hmc

1220 4472 1245 4523 x
2797 4474 2806 4481 .
