3825 4800
704 408 854 495 840
942 335 963 349 ’
1058 386 1575 474 maroam
1632 386 1781 469 ET
1844 388 2024 471 RES
2068 384 2490 470 ‘GESTAE
2535 384 3068 471 Lvoowm
3204 417 3213 427 ·

589 610 597 627 ·
704 585 981 676 tinent,
1032 580 1435 683 decerpere
1572 596 1733 673 erae
1760 571 2080 677 pretium
2107 568 2354 649 fuerit.
2501 573 2754 649 Primo
2783 597 2962 677 ergo
2993 575 3138 653 iam
3171 573 3418 653 lauda·

710 714 833 769 tus
860 708 1203 767 BALVZWS
1310 686 1339 775 )
1390 680 1493 757 ob
1524 678 1849 769 eruauit,
1882 673 2232 778 pleraque
2255 673 2336 752 in
2361 672 2476 751 illa
2509 675 2750 753 charta
2776 674 3148 754 diuifionis
3276 702 3424 755 ene

708 793 799 871 ad
816 792 1127 870 verbum
1156 708 1509 885 delitripta
1538 779 1677 857 effe
1696 804 1793 855 ex
1822 776 2263 855 testamento
2280 775 2528 853 Caroli
2547 780 2651 871 Μ.
2683 781 2750 875 r)
2777 782 3136 857 annoDC
3207 780 3426 857 CVI.

708 894 1007 1000 scripto·
1103 890 1303 965 Nam
1322 906 1397 961 et
1427 884 1546 961 hic
1574 897 1984 961 L‘vnovmvs
2015 876 2272 971 sancit,
2321 900 2428 987 vt,
2477 878 2732 979 aliquo
2757 879 3085 961 filiorum
3111 877 3426 958 suorum

716 1016 1020 1081 mortuo
1037 1045 1059 1085 ,
1106 986 1580 1092 superstitum
1604 1006 1835 1067 exeo
1878 1002 2246 1083 nepotum
2276 978 2535 1081 aliquis
2565 1005 2602 1057 a
2685 981 2922 1085 opulo
2947 982 3256 1075 elediuS,
3289 1010 3428 1087 pa-

710 1101 893 1183 truis
938 1088 1561 1173 consentientibus
1578 1141 1603 1178 ,
1642 1106 1938 1189 regnet,
1979 1081 2187 1159 nullo
2229 1080 2554 1161 filiorum
2603 1004 2986 1186 AEperstite
3001 1138 3024 1179 ,
3107 1109 3426 1188 regnum

710 1202 892 1301 illud
922 1225 961 1277 a
992 1192 1295 1297 reliquis
1322 1188 1659 1267 fratribus
1686 1210 1915 1287 aequa
1949 1183 2154 1261 lance
2185 1178 2586 1261 diuidamr:
2634 1188 2702 1283 s)
2751 1208 2836 1263 vt
2857 1186 3102 1263 nullus
3115 1185 3427 1263 fratrum

710 1302 1005 1389 alterius
1034 1296 1217 1375 fines
1244 1291 1535 1371 inuadat
1551 1346 1574 1384 ,
1622 1310 1940 1388 eamque
1965 1284 2300 1365 iniuriam
2338 1284 2568 1388 paffO,
2615 1286 2882 1389 reliqui
2909 1286 3278 1391 suppetias
3311 1286 3422 1365 fe-

610 1418 648 1479 .‘
714 1430 907 1490 rant:
952 1406 1029 1501 t)
1090 1394 1333 1475 nullus
1370 1392 1680 1471 aliorum
1710 1387 2096 1465 clientibus
2141 1408 2524 1487 receptum
2538 1384 2716 1481 det,
2761 1390 2876 1465 vel
2903 1414 3038 1468 eos
3063 1388 3422 1483 sollicitet,

714 1533 793 1593 et
816 1506 905 1587 ad
925 1504 997 1583 se
1024 1497 1375 1607 pelliciat,
1406 1499 1489 1673 u?
1536 1491 1661 1571 sed
1687 1490 2006 1594 quisque
2033 1515 2072 1565 a
2101 1488 2418 1565 domino
2447 1487 2582 1571 suo
2611 1490 2958 1569 beneficia
2991 1492 3318 1595 accipiat,
3331 1496 3415 1591 x)

718 1612 849 1695 nisi
910 1607 1079 1713 quis
1144 1598 1339 1677 forte
1400 1622 1451 1673 v
1474 1617 1597 1673 tro
1648 1592 1996 1695 emigrare
2045 1588 2268 1693 seque
2331 1590 2538 1669 alteri
2563 1590 2786 1675 statu·
2848 1590 3200 1672 subiicere
3259 1618 3414 1681 ma-

714 1720 833 1797 litz
870 1717 955 1814 y)
1018 1728 1113 1783 ne
1158 1697 1373 1777 fundi
1422 1700 1500 1774 in
1540 1697 1757 1795 vuius
1804 1717 2036 1797 regno
2081 1690 2190 1769 fiti
2241 1690 2446 1769 alteri
2469 1694 2479 1701 ’
2499 1693 2942 1788 vendantur,
3005 1721 3250 1773 rerum
3289 1720 3414 1770 ve-

714 1846 803 1900 ro
869 1805 1263 1895 mobilium
1308 1801 1619 1875 liberum
1681 1798 1876 1874 inter
1942 1796 2188 1871 omnia
2249 1818 2466 1896 regna
2521 1798 3082 1875 commercium-z
3143 1801 3234 1895 z)
3295 1798 3406 1873 ius

770 1934 1027 2016 noque
1066 1901 1655 1983 connubii·inter
1698 1899 1897 1975 ciues
1938 1894 2390 1993 diuersorum
2438 1918 2856 1999 regnorum·
2889 1899 3406 2005 promiscuum,

714 1948 1163 2113 sseminisque
1212 2026 1459 2109 regno.
1488 2001 1785 2105 enuptis
1838 1998 2302 2103 possefliones
2317 1994 2586 2075 §saluae
2640 1998 2802 2077 lint:
2857 2008 2930 2100 a)
3005 2024 3092 2079 vt
3145 2002 3271 2079 lite
3319 2000 3414 2077 de

716 2122 985 2205 finibus
1018 2106 1221 2290 “igni
1264 2102 1609 2285 repundis
1662 2104 2073 2197 incidente,
2121 2124 2262 2179 nec
2290 2100 2484 2175 bello
2525 2124 2665 2177 nec
2697 2105 3075 2181 certamini
3113 2102 3412 2206 lingula-

717 2229 779 2307 ri
814 2227 1027 2307 locus
1098 2232 1157 2289 ιτ
1178 2261 1205 2305 ,
1250 2206 1321 2287 se
1414 2208 1520 2289 ad
1552 2203 2106 2285 declarationem
2145 2203 2256 2279 rei
2285 2201 2538 2279 dubiae
2565 2206 2820 2288 vexillo
2861 2211 3085 2285 crucis
3127 2205 3217 2306 b)
3275 2210 3410 2285 Dei

2362 2359 2370 2368 -
2495 2342 2508 2353 ’
2661 2349 2671 2362 ν
3089 2382 3096 2387 ,
3169 2306 3406 2385 volun-

696 2551 703 2566 ·
848 2477 951 2626 iq)
982 2529 1229 2699 gonzo
1258 2526 1349 2692 {L
1392 2513 1733 2610 Capitular.
1768 2537 1839 2610 p.
1878 2535 2040 2606 ¹¹¹7·

866 2657 902 2705 r
1043 2651 1073 2695 a
1126 2643 1215 2694 tte
1294 2671 1314 2690 .
2145 2635 2150 2644 '
2189 2649 2198 2658 ·
2895 2635 2915 2650 ·

868 2633 937 2824 ⁸3
974 2649 1155 2804 Priiis
1177 2709 1245 2794 'et
1266 2725 1331 2792 in
1368 2720 1585 2792 charta
1618 2716 1990 2800 (linitionis,
2031 2737 2203 2786 anno
2230 2718 2692 2795 Dcccxvn.
2739 2715 3106 2813 conscripta
3133 2719 3410 2796 sanxerat

1020 2833 1398 2920 Imperator.
1504 2821 1823 2894 Posterius
1852 2839 2100 2888 nouum
2143 2820 2256 2889 est.
2359 2820 2558 2890 Adeo
2608 2823 2788 2896 enim
2827 2825 2988 2892 olim
3025 2811 3173 2894 filii}
3191 2879 3211 2910 ,
3269 2817 3404 2895 natu

1034 2927 1397 3019 minoribus
1415 2973 1435 3010 ,
1488 2945 1750 2996 omnem
1784 2924 1867 2990 ad
1890 2923 2202 2992 maiorem
2229 2923 2591 3013 potentiam
2621 2921 2982 3016 adspirandi
3015 2927 3410 2998 occationem

1022 3029 1451 3130 praesciderat
1466 3079 1487 3110 ,
1530 3043 1607 3096 vt
1636 3023 1942 3095 statueret
1955 3071 1978 3102 ,
2016 3019 2086 3114 fi
2105 3023 2335 3112 absque
2365 3017 2670 3111 legitimi}
2695 3026 3184 3118 tiberis-aliquis
3208 3049 3408 3097 eorum

1013 3135 1369 3210 decederet,
1414 3143 1493 3197 vt
1516 3125 1787 3228 potstas
1834 3124 2006 3193 ἰθέω-
2037 3122 2458 3215 adfiniorem
2469 3122 2760 3216 fratrem
2787 3143 3210 3199 renen-teretur
3223 3155 3254 3197 .·
3302 3133 3406 3200 Ba·

1016 3239 1146 3310 luz.
1182 3230 1454 3317 capitul.
1490 3231 1676 3297 Tmo
1702 3231 1767 3296 L
1780 3243 1851 3312 p.
1883 3231 2024 3311 578.
2097 3225 2204 3294 hic
2225 3277 2242 3306 ,
2283 3229 2436 3317 quia
2463 3225 2656 3327 {imul
2697 3251 2950 3300 canon
3001 3229 3096 3302 sui
3139 3255 3244 3304 res
3271 3254 3412 3327 age-

1022 3339 1249 3418 batur,
1295 3333 1423 3404 iuti
1462 3328 1895 3402 adscrescendi
1914 3329 2062 3398 ,hoc
2085 3327 2230 3398 casu
2263 3329 2480 3398 locum
2530 3329 2660 3400 ess‘e
2699 3333 2918 3415 iubet,
2980 3353 3282 3417 eatenus,
3339 3353 3416 3404 vt

1014 3459 1290 3534 regnum
1318 3433 1477 3504 illud
1526 3433 1826 3502 omnibus
1873 3430 2047 3498 inter
2087 3429 2316 3500 fratres
2347 3433 2702 3522 aequaliter
2741 3429 3095 3512 diuiduntur.
3211 3437 3430 3533 Quod.

1012 3541 1156 3614 sane
1180 3559 1315 3607 non
1346 3535 1567 3628 potuit
1608 3555 1744 3603 non
1784 3534 2093 3604 mordere
2137 3551 2564 3604 LornAva.
2883 3565 2898 3574 ·
2975 3525 3006 3616 ζ

864 3651 939 3740 t)'
976 3645 1205 3738 Capite
1236 3643 1321 3710 11.

868 3753 951 3845 u)
997 3751 1157 3840 Cap.
1201 3740 1569 3818 matun.
1614 3737 1837 3809 V1111.

870 3855 957 3946 x)
1004 3853 1164 3941 Cap.
1190 3841 1284 3914 V.

870 3957 937 4046 y)
986 3957 1146 4044 Cap.
1186 3946 1307 4017 Vr.

872 4059 939 4143 2.)
986 4055 1147 4144 cap·
1186 4047 1339 4120 wl-

752 4193 755 4198 ·
864 4156 936 4251 a)
980 4159 1134 4247 Cap.
1173 4151 1360 4220 vlu.
2014 4191 2020 4198 -
2223 4189 2230 4196 ·
2941 4157 2949 4165 ·
3487 4210 3499 4226 ,

866 4257 949 4356 b)
998 4259 1151 4331 Erat
1178 4249 1289 4324 hie
1313 4251 1483 4323 inter
1530 4245 1819 4342 reliquos
1864 4241 2105 4316 modos
2141 4240 2208 4317 se
2257 4233 2580 4340 purgandi
2623 4244 3155 4346 exquirendique
3181 4247 3422 4320 verita·

2719 4395 2734 4406 ·
3213 4367 3420 4430 ntem?
