3825 4800
613 390 803 492 ,σοι
1027 374 1309 501 LIBRI
1346 362 1848 479 AL‘1QOT
1899 336 2414 459 VETE'RVM
2463 310 2976 459 lcTORVM

853 562 930 669 ⁴!
985 560 1140 667 Q
1169 557 1394 636 fidem
1423 556 1924 637 transafflonis
1956 583 2117 639 rum
2162 540 2258 658 it,
2284 584 2360 641 et
2392 554 3393 669 exceptio11e‘submouetu3-‚
3540 606 3556 613 -

753 772 865 852 T·
959 658 2066 844 {fissexssmucopuentionzem
2154 664 2346 744 ebet.
2392 664 2438 743 1.
2470 676 2573 746 16.
2618 665 2713 744 de
2750 666 3079 745 transaest.

851 790 926 848 1t.
1166 819 1185 839 .
1319 790 1357 838 e
1387 789 1464 839 m
1494 790 1612 840 tus
1651 788 1870 841 vocan
1960 820 1979 841 .

763 874 928 953 Tit.
981 868 1192 961 XIV.
1240 864 1361 941 De
1389 862 1826 968 postulando.

763 974 928 1054 Tit.
981 970 1153 1047 XV.
1202 966 1320 1044 De
1347 963 1480 1060 his,
1527 967 1657 1072 qui
1687 988 1831 1044 not.
1859 962 2185 1069 infitmh.

763 1072 932 1155 Tit.
970 1071 1181 1149 XVL
1229 1069 1352 1145 De
1387 1066 1874 1145 cautionibus
2546 1104 2551 1111 ·

856 1173 934 1277 41
979 1170 1264 1352 filtanio
1301 1194 1465 1249 rem
1506 1194 1734 1251 ratam
1775 1168 2067 1265 haberi,
2126 1172 2335 1251 cuius
2366 1168 2726 1251 effioeciae
2752 1169 2857 1251 fit.
2905 1172 2953 1252 l.
2974 1180 3048 1253 6.
3074 1198 3229 1253 rem
3256 1195 3369 1253 rat.

1033 1302 1066 1351 a

861 1374 937 1479 ‹ss
984 1363 1236 1455 Poena
1267 1374 1774 1476 contumaciae
1805 1380 2045 1477 quae?
2092 1372 2142 1451 Ι.
2171 1400 2262 1472 53.
2294 1374 2391 1451 de
2416 1400 2495 1451 re
2525 1374 2677 1453 iud.

767 1482 934 1561 Tit.
966 1472 1218 1659 XXII.
1269 1480 1387 1555 De
1430 1478 1941 1580 cognitoribus,
1988 1478 2637 1580 procuratoribus,-
2678 1480 3123 1583 negotiorum
3156 1472 3369 1582 gesto·

982 1608 1052 1660 rt
1089 1606 1206 1658 us.
1663 1624 1674 1639 =
1863 1624 1870 1629 ·
2572 1616 2587 1629 ·
2978 1604 2984 1609 ·
3104 1610 3113 1619 ·
3360 1602 3373 1612 ·

731 1754 736 1761 .
767 1684 934 1763 Tit.
961 1670 1246 1762 XVIII.
1297 1684 1416 1761 De
1439 1680 2096 1763 calumniatoribus.

769 1786 936 1864 Tit.
966 1786 1171 1862 XIX.
1221 1786 1340 1861 De
1369 1786 1448 1861 in
1482 1786 1849 1889 integrum
1889 1784 2500 1864 restitutionibus.
3092 1856 3104 1863 .

786 1896 796 1904 '
875 1887 952 1989 41
1007 1889 1096 1965 In
1121 1886 1488 1990 integrum
1517 1888 1738 1965 etiam
1767 1886 2087 1965 restituit
2114 1887 2525 1967 Praefectus
2552 1886 2963 1980 Praetori04
3016 1908 3251 1989 quum
3275 1904 3373 1959 ta-

975 2014 1154 2067 men
1186 1989 1272 2065 ab
1301 1989 1459 2067 eius
1484 1986 1861 2067 sententiis
1888 1987 2283 2093 ‘adpellatio
2310 2014 2472 2068 non
2494 1989 2981 2096 permittatur.
3046 1990 3211 2067 Cur
3226 2007 3371 2063 tam

963 2092 1210 2169 varie?
1261 2089 1306 2168 l.
1339 2118 1431 2187 17.
1479 2090 1780 2169 demin.
3298 2134 3310 2148 ·

870 2193 949 2298 41
1008 2193 1260 2273 Minor
1295 2193 1373 2271 in
1405 2190 2307 2299 iutegrum‘restituendus
2360 2186 2581 2270 e‘tiam
2619 2186 2671 2266 fi
2718 2212 3070 2294 tanquam
3116 2212 3376 2289 contu-

981 2322 1156 2373 max
1198 2294 1756 2373 condemnatus.
1815 2294 1862 2371 1.
1893 2308 1956 2380 8.
1986 2294 2155 2371 eod.
2222 2296 2439 2375 etiam
2470 2292 2812 2372 aduersus
2842 2292 2923 2371 in
2950 2290 3151 2375 diem
3178 2290 3374 2371 addi-

983 2396 1342 2497 ffionem,
1385 2399 1526 2475 alio
1555 2396 1720 2502 plus
1759 2393 2135 2474 offerente.
2181 2394 2227 2475 l.
2252 2423 2341 2494 35.
2366 2401 2464 2476 D.
2488 2393 2661 2473 eod.
3336 2413 3341 2418 ·

775 2495 942 2576 Tit.
993 2503 1164 2578 XX.
1215 2499 1332 2575 De
1365 2501 1671 2601 receptis
1699 2521 1774 2575 et
1799 2497 2124 2574 arbitris.

767 2595 854 2672 T
855 2600 937 2688 it,
972 2602 1180 2678 XXI.
1231 2603 1351 2679 De
1375 2602 1659 2694 nautis,
1707 2599 2163 2700 cauponibus,
2176 2593 2625 2696 stabulariis.
2724 2625 2733 2636 ·

769 2697 936 2779 Tit.
968 2701 1214 2780 XXII.
1267 2705 1386 2778 De
1410 2699 1712 2779 iudiciis.

774 2800 944 2880 Tit.
973 2802 1257 2880 XXIII.
1307 2803 1424 2880 De
1449 2799 1865 2896 hereditatis
1879 2801 2248 2903 petitione.

769 2902 934 2982 Tit.
966 2905 1248 2984 XXIV.
1303 2907 1422 2982 De
1469 2905 1583 2983 rei
1618 2903 2091 2982 vindicatione
2104 2959 2129 2999 ,
2160 2927 2235 2981 et
2265 2903 2707 2983 Publiciana.

767 3003 932 3084 Tit.
980 3009 1234 3084 XXV.
1284 3007 1404 3083 De
1426 3003 1790 3110 vfifiuciu
1816 3027 1890 3083 ct
1911 3003 2393 3106 seruitutibus
2403 3008 2919 3109 praedialibus.

773 3106 940 3186 Tit.
983 3109 1268 3186 XXVI.
1315 3107 1437 3186 Dc
1460 3110 1714 3186 damno
1744 3108 1933 3186 dato.
2582 3147 2623 3180 e

645 3277 652 3282 .
719 3277 726 3282 .
771 3207 937 3290 Tit.
986 3211 1140 3288 XX
1145 3211 1311 3289 VII.
1347 3213 1482 3391 ἷξε
1509 3209 1791 3291 iudiciis
1822 3207 2241 3312 duplicibus,
2252 3211 2522 3312 finium
2556 3237 2705 3316 reg.
2724 3213 2977 3320 famil.
2994 3207 3231 3315 ercift.

733 3353 740 3361 ·
976 3335 1050 3388 et
1077 3337 1316 3390 comm.
1395 3339 1494 3390 tu.

772 3414 937 3494 Tit.
983 3415 1343 3492 XXVIII.
1395 3407 1514 3492 De
1552 3411 1803 3507 iudice,
1841 3413 1973 3530 qui
1999 3413 2203 3492 litem
2209 3409 2425 3510 sitam
2436 3409 2649 3514 ficit.

779 3517 944 3594 Tit.
975 3515 1241 3596 XXIX.
1293 3519 1415 3597 De
1434 3515 2113 3616 interrogationibus
2136 3515 2213 3590 in
2238 3514 2399 3593 iure
2402 3514 2786 3620 faciendis.

777 3617 945 3697 Tit.
976 3619 1214 3695 XXX.
1259 3617 1378 3695 De
1405 3616 1886 3695 iureiurando.
2010 3695 2015 3702 ,
2318 3657 2337 3664 -·
2446 3652 2452 3665 ·
2952 3629 2967 3640 ’

606 3807 612 3812 ,
777 3718 941 3797 Tit.
971 3719 1247 3796 XXXI.
1296 3719 1414 3797 De
1438 3715 1574 3812 his,
1613 3719 1746 3822 qui
1767 3715 2209 3820 effuderunt,
2248 3716 2376 3795 vel
2394 3717 2823 3799 deiecerunt.

707 3892 713 3896 .
747 3821 941 3896 ·Tit.
966 3819 1277 3898 XXXII.
1328 3820 1449 3898 De
1471 3816 1689 3920 seruo
1715 3839 2067 3920 corrupto.
2154 3851 2157 3858 ·
2910 3861 2915 3864 ·

775 3923 860 3999 T
861 3923 944 3998 it‘.
973 3923 1318 4000 XXXIII.
1369 3923 1488 4001 De
1519 3921 1981 4000 aleatoribus.
2775 3933 2786 3943 ‘

771 4023 933 4100 Tit.
985 4025 1338 4103 XXXIV.
1387 4024 1466 4102 Si
1495 4018 2057 4128 mensbrfalliem
2092 4019 2377 4100 modum
2405 4017 2698 4100 dixerit.

770 4123 938 4202 Tit.
958 4125 1277 4205 XXXV.
1323 4125 1455 4204 Ad
1468 4121 1931 4204 exhibendum
1957 4147 2033 4206 et
2056 4125 2145 4206 de
2168 4146 2423 4204 ventre
2449 4121 2889 4228 inspiciendo.

769 4223 936 4338 Tit.
975 4225 1332 4312 xxxvl.
1375 4229 1498 4309 De
1519 4223 1884 4332 religiffs.
1940 4309 1945 4314 ,
3134 4267 3145 4279 ·
3196 4304 3266 4406 1‘

3132 4353 3178 4408 ι
3234 4346 3393 4408 BER·

3246 4417 3261 4460 J
3509 4436 3515 4444 .

3709 1282 3717 1313 ..

3748 2362 3750 2379 -
3748 2198 3750 2203 .
3748 2162 3750 2171 ,
3730 2004 3750 2107 -μέζ
3747 1946 3750 1963 ,.
3735 1404 3751 1929 ,ψῃ-μ-μ-Λι-
