3825 4800
764 402 951 493 Lm.
994 384 1083 489 1.‘
1158 402 1385 491 cAP.
1434 408 1571 491 vi.
1618 408 1759 491 DE
1802 404 2211 491 Emc'ns
2259 344 2952 535 PRAnTonM
3133 438 3260 515 103

530 598 901 705 neglexit,
950 616 1037 673 vt
1062 616 1271 673 tanto
1296 592 1577 673 facilius
1604 592 1885 674 falleret
1902 594 2279 691 incautos,
2327 614 2442 689 et,
2477 614 2561 673 vt
2581 596 2680 671 ita
2705 590 3254 699 dicamus,qua-

530 705 663 783 dra
694 698 1031 777 misceret
1059 696 1419 775 rotundis.
1491 700 1681 777 Non
1704 698 1956 801 itaque
1985 697 2234 800 primo
2261 696 2358 773 de
2383 720 2482 774 eo
2497 694 2961 801 disceptatur,
2991 722 3084 774 an
3097 722 3252 777 non

530 824 870 915 praetura
897 801 1123 879 fiacrit
1155 800 1609 903 magistratus
1640 799 1835 877 vtilis
1848 852 1875 893 ,
1941 798 2198 901 reique
2227 798 2564 905 publioee
2605 800 2986 877 Romanae
3021 799 3256 903 inpri-

534 908 677 985 mis
704 897 1174 982 neceffarius?
1220 898 1347 978 sed
1390 924 1637 979 annon
1673 922 1913 1007 patres
1927 954 1954 995 ,
2013 900 2198 977 dum
2236 925 2380 1005 pro
2419 898 2800 977 consulatu
2835 924 3010 978 cum
3035 901 3254 1006 plebe
3404 957 3413 965 -

528 1005 909 1089 consulam
938 1024 1355 1111 praetorem
1394 1002 1784 1107 patricium
1830 1000 1960 1079 fibi
2011 1000 2324 1081 concedi
2365 1002 2782 1109 petierunt,
2841 1002 2924 1083 id
2969 1004 3256 1107 egerint

530 1108 960 1221 praecipue,
1008 1129 1097 1184 vt
1114 1103 1447 1286 suprema
1484 1106 1569 1183 in
1592 1106 1871 1183 ciuium
1906 1103 2240 1183 fortunas
2279 1105 2602 1211 potestas
2783 1128 2862 1183 es
2907 1106 3254 1210 patricios

530 1212 751 1293 effet?
798 1212 976 1289 Nec
1003 1206 1179 1285 dein
1234 1234 1275 1284 e
1302 1207 1633 1309 quaestio
1656 1206 1765 1284 est
1776 1262 1801 1301 ,
1848 1232 1942 1283 an
1969 1204 2292 1283 coneeffa
2319 1206 2660 1285 edicendi
2671 1205 3034 1303 facultate,
3065 1205 3256 1285 sem-

528 1340 671 1423 per
686 1309 879 1390 abufi
908 1308 1047 1387 smt
1070 1332 1447 1413 praetores
1479 1308 1571 1385 ad
1600 1307 1669 1385 le
1822 1308 2144 1487 turpiter
2167 1308 2648 1387 euertendas?
2711 1306 2824 1405 (id
2863 1308 3078 1413 quod
3119 1334 3252 1389 ne·-

526 1441 664 1496 mo
686 1435 966 1492 temere
997 1410 1332 1512 dixerit,)
1380 1408 1509 1488 sed
1535 1433 1783 1488 annon
1824 1408 1905 1487 id
2017 1406 2342 1525 epiffime
2387 1408 2661 1489 fidium
2687 1408 2774 1488 fit
2788 1416 2824 1487 ἓ
2889 1432 2968 1490 et
3003 1434 3254 1491 annon

526 1544 695 1599 eam
726 1517 807 1594 in
838 1540 997 1593 rem
1028 1514 1243 1591 variis
1284 1512 1553 1589 artibus
1567 1565 1594 1606 ,.
1638 1510 1871 1590 veluti
1914 1534 2136 1591 nouis
2175 1512 2548 1591 vocabulis
2565 1564 2590 1605 ‚
2664 1513 3252 1593 restitutionibus

522 1623 611 1703 in
636 1622 793 1699 inte
932 1642 1009 1693 m
1025 1671 1048 1710 ,
1098 1612 1699 1721 exceptionibus,
1744 1612 2202 1709 fiffionibus,
2253 1612 2356 1693 vfi
2381 1610 2562 1693 lint?
2625 1616 2998 1695 Praeterea
3021 1636 3121 1693 ne
3151 1614 3252 1693 de

516 1748 627 1804 eo
652 1722 786 1825 qui
840 1746 961 1797 em
990 1716 1469 1823 disceptatur,
1522 1742 1613 1794 an
1642 1740 1805 1793 non
1832 1716 2024 1795 bene
2045 1716 2298 1795 meriti
2315 1712 2598 1795 fuerim
2611 1720 2988 1795 Praetores
3019 1716 3250 1795 deiu-

522 1842 623 1905 ris
680 1821 1015 1901 rudentia
1043 1874 1067 1914 ,
1144 1819 1526 1922 multaque
1558 1819 1915 1923 praeclara
1961 1817 2534 1923 aequiffimnque
2583 1819 2740 1897 iura
2781 1820 3246 1938 repererint?

522 1850 781 2008 setfan
810 1946 970 2001 non
1008 1922 1236 2000 nimia
1265 1921 1385 1999 illa
1414 1920 1753 1999 edicendi
1782 1921 2140 2025 potestas,
2201 1920 2528 2001 oonoeffi
2627 1923 3068 2017 raetoribuS,
3143 1922 3252 2001 ite

506 2027 753 2111 fuerit
792 2050 965 2101 corn
1064 2044 1209 2099 ram
1227 2076 1253 2115 ,
1320 2042 1409 2099 vt
1446 2022 1789 2099 homines
1834 2020 2170 2101 mlitiofi
2225 2046 2312 2099 ac
2423 2022 2554 2099 erfi
2612 2021 2629 2038 ⁹
2647 2076 2674 2115 ,
2766 2023 3018 2123 quales
3055 2025 3252 2101 inter

586 2145 907 2207 ractores
1022 2122 1037 2139 ”
1098 2146 1181 2215 e,
1222 2118 1509 2199 vindex
1540 2120 1928 2215 concedit,
1957 2146 2046 2197 ea
2080 2120 2292 2199 heile
2329 2148 2366 2199 a
2417 2123 2532 2201 uti
2570 2122 2994 2227 potuerint,
3063 2123 3252 2229 quin

512 2226 727 2311 abusi
754 2224 891 2303 fint
916 2222 1235 2327 saepius,
1284 2220 1661 2325 multaque
1688 2222 2072 2313 statuerint
2113 2226 2202 2308 εἰς
2223 2224 2420 2330 χάριν
2453 2226 2494 2314 ἥ
2533 2224 2648 2323 καὶ
2671 2228 2822 2303 κατ’
2855 2224 3118 2330 ἔχθραν
3157 2254 3250 2305 τι·

506 2336 667 2420 ’,ἴω
716 2326 1069 2430 Denique
1112 2324 1227 2404 vel
1264 2323 1347 2404 id
1388 2324 1785 2431 praecipue
1820 2325 1903 2404 in
1953 2325 2382 2428 quaestione
2427 2325 2536 2406 est
2547 2380 2574 2422 ,
2619 2350 2870 2407 annon
2907 2350 3004 2406 ex
3041 2351 3126 2406 en
3165 2350 3258 2406 re
3359 2368 3372 2377 ·

520 2434 887 2518 summam
918 2427 1098 2530 ius&
1118 2427 1719 2520 incertitudinem
1742 2427 1935 2506 nasci
1963 2429 2419 2532 oportuerit,
2469 2451 2546 2508 et
2570 2453 2824 2508 annon
2849 2454 2934 2508 ea
2963 2453 3248 2520 naeuus

504 2537 749 2617 fuerit
784 2528 1395 2636 iurisprudentiae
1450 2529 1747 2608 illorum
1802 2553 1964 2632 tem
2279 2533 2698 2612 maximus?
2773 2536 2930 2612 Iam
2973 2556 3153 2638 ergo
3193 2529 3248 2608 fi

518 2635 803 2718 vindex
842 2649 925 2711 ea
982 2631 1473 2712 differtatime
1528 2555 2426 2740 demonffinfflfimo
2459 2657 2706 2741 patres
2741 2659 2906 2717 non
2953 2657 3052 2712 eo
3093 2633 3248 2714 fine

578 2759 941 2818 raetorem
970 2735 1361 2840 patricium
1388 2733 1753 2839 flagitasse,
1796 2756 1891 2814 vt
1916 2734 2052 2840 ipfi
2080 2737 2258 2814 iuris
2299 2736 2607 2816 dicundi
2635 2734 3262 2843 summam-pote-.

620 2865 774 2921 tem
800 2842 881 2918 in
908 2835 1341 2942 poffeflione
1366 2835 1487 2914 sua
1514 2838 1948 2915 retinerent:
2001 2835 2276 2916 deinde
2289 2895 2312 2934 ,
2363 2860 2736 2944 praetores
2761 2838 3038 2918 nullam
3075 2863 3246 2918 vm-

502 2954 746 3050 ·qudm
774 2942 1017 3118 Ιείεω
1040 2937 1293 3016 edictis
1335 2939 1482 3018 suis
1504 2938 1883 3018 euertisse:
1933 2965 2076 3018 nec
2110 2965 2346 3046 porro
2372 2941 2678 3020 eosdem
2691 2995 2717 3035 ,
2763 2941 3088 3020 inuentis
3103 2965 3246 3018 no-

514 3049 633 3125 uis
664 3069 848 3123 voca
901 3041 1040 3118 ulis
1054 3096 1079 3136 ,
1126 3041 1713 3120 restitutionibus
1738 3043 1819 3118 in
1854 3043 2266 3148 integrum,
2325 3041 2896 3146 exceptionibus
2915 3095 2950 3135 ,
3004 3041 3244 3119 fistio-

512 3147 735 3230 nibus
751 3199 790 3242 ,·
822 3167 1019 3227 noua
1044 3144 1203 3220 iura
1226 3143 1607 3222 inuexisse:
1658 3165 2030 3249 praeterea
2067 3159 2442 3250 praetores
2489 3143 2718 3222 edicte
2757 3166 2900 3220 nec
2949 3139 3244 3248 singulis

514 3251 725 3331 annis
738 3303 762 3343 ,
809 3269 951 3327 nec
977 3269 1117 3350 per
1138 3269 1419 3324 annum
1452 3243 1733 3365 fiepius
1762 3245 2094 3325 mutasse:
2141 3245 2507 3348 denique,
2553 3243 2608 3324 fi
2650 3243 2774 3324 vel
2817 3245 3136 3324 maxime
3161 3243 3242 3324 id

512 3352 863 3447 fecerint,
909 3349 1027 3425 ius
1056 3369 1309 3426 tamen
1350 3347 1527 3426 ideo
1550 3369 1922 3446 incertum
1943 3347 2106 3426 fieri
2129 3373 2288 3428 non
2313 3347 2658 3454 potuiffe:
2724 3367 2890 3426 tum
2933 3347 3242 3428 demum
3303 3351 3336 3368 ‘

503 3451 799 3534 vindex
828 3453 901 3530 se
922 3449 1379 3554 pmestitiffet
1408 3451 1688 3545 virum,
1734 3473 2030 3553 nosque
2055 3452 2126 3528 ei
2155 3451 2346 3530 hanc
2385 3451 2766 3530 vitiorium
2797 3451 3068 3526 merito
3085 3473 3246 3552 gra-

513 3556 936 3639 tularemur,
1034 3555 1192 3630 Iam
1216 3577 1400 3630 vero
1436 3578 1665 3656 quam
1692 3575 1954 3658 parum
1979 3552 2176 3631 istud
2203 3554 2642 3660 praestiterit
2653 3607 2680 3652 ,
2743 3577 2840 3632 ex
2879 3550 2966 3628 iis
2980 3605 3006 3646 ,
3052 3575 3245 3652 quae

512 3657 959 3764 sequuntur,
1004 3651 1169 3732 satis
1221 3656 1533 3760 opinor,
1578 3654 1978 3762 adparebit.

932 3857 1300 3954 Primum,
1346 3856 1561 3962 quod
1582 3858 1676 3938 ad
1718 3861 2078 3940 Praetoris
2117 3857 2226 3940 sui
2267 3857 2768 3940 defenfionem
2807 3856 3044 3940 facere
3085 3859 3244 3940 exi-

510 3961 797 4058 stimat,
846 3981 927 4037 ar
1103 3984 1363 4040 entum
1399 3961 1467 4059 S.
1506 3963 1583 4040 V.
1630 3963 1710 4040 in
1738 3987 1833 4040 eo
1866 3965 2122 4066 ponit,
2173 3961 2384 4065 quod
2409 3985 2868 4068 praetorem,
2917 3963 3076 4043 nefi
3099 3989 3240 4042 vo-

507 4062 749 4143 luifl'et
766 4063 905 4165 qui
960 4088 1113 4158 em,
1158 4065 1238 4140 in
1279 4063 1791 4144 concinnando
1820 4064 2066 4143 edicio
2102 4061 2238 4142 suo
2259 4087 2414 4142 tam
2439 4063 2940 4143 fraudulenter
2972 4065 3236 4146 versari

508 4164 829 4271 potuiffe
838 4220 867 4261 ,
915 4164 1329 4256 contendit.
1426 4165 1801 4246 Obffitiffe
1840 4167 1958 4244 his
1989 4163 2302 4246 consiliis
2328 4185 2542 4270 putat
2579 4165 2932 4272 insignem
2963 4173 3206 4248 Roma
3219 4213 3240 4226 -

506 4286 786 4362 nomm
816 4267 901 4356 in
922 4265 1251 4358 ferendis
1294 4265 1960 4376 omfemandisque
1971 4270 2275 4382 iegibus
2298 4291 2544 4350 curam
2561 4321 2588 4366 ,
2641 4293 2729 4350 ac⁴
2755 4270 3242 4443 congenitum?
3319 4313 3326 4320 ·

490 4419 497 4428 ·
1581 4397 1589 4412 ·
2437 4407 2443 4414 ·
3045 4391 3190 4473 qua
3219 4397 3246 4447 ι
