3825 4800
661 446 776 521 732
989 410 1500 497 rus-roim
1561 412 1705 494 ET
1767 412 1945 493 RES
1996 402 2411 493 GESTAE
2470 384 2999 495 LvDovt‘ct

657 604 1150 705 eiusdemque
1193 596 1752 679 seruantiffimus
1807 598 2121 679 Carolus
2163 598 2273 676 M.
2320 597 2797 677 Ludouicum
2824 600 3083 695 Pium,
3114 600 3371 701 Regem

660 731 1139 811 regnaturum
1162 705 1237 780 in
1253 702 1727 808 Aquitaniam
1752 700 1939 799 misit
1958 757 1979 795 ,
1998 720 2443 803 praeponens
2464 702 2571 779 iai
2604 704 2924 781 baiulum
2950 704 3369 794 Arnoldum,

584 852 596 861 -
661 813 986 913 aliosque
1045 802 1434 903 ministros,
1491 804 1993 881 ordmabi‘liter
2040 803 2513 906 decenterque
2553 802 2975 903 constituens
2994 861 3017 899 ,
3096 806 3369 883 tutelae

647 912 924 1019 puerili
955 934 1313 1008 congruos.
1367 908 1444 1005 b)
1545 904 1634 983 Id
1675 904 1885 1007 quod
1935 906 2076 981 iam
2130 928 2324 979 anno
2372 906 2944 985 DCCLXXXI.
2978 907 3375 984 Ludouico

661 1011 1007 1095 adhuejn
1035 1010 1240 1084 cunis
1269 1008 1628 1111 vegiente,
1657 1006 2031 1110 contigiss'e
2050 1060 2071 1099 ,
2122 1006 2315 1082 idem
2379 1032 2727 1084 LVDOVICI
2760 1010 2864 1088 Pii
2894 1008 3373 1085 encomiastes

659 1114 1020 1194 obferunt.
1130 1110 1342 1188 Idem
1391 1136 1434 1186 e
1613 1110 2029 1187 institutum
2062 1109 2143 1184 in
2188 1107 2341 1185 filio
2376 1109 2775 1186 Ludouico
2816 1108 3207 1187 educando
3234 1107 3371 1185 ser·
3458 1133 3482 1161 ⁶

661 1217 885 1309 uasse,
963 1210 1370 1291 verofimile
1415 1134 1568 1288 (ΞΟ
1623 1210 1961 1315 quamuis
2005 1234 2232 1311 quem
2284 1209 2390 1285 illi
2428 1210 2789 1288 seciorem
2822 1214 2980 1289 eius
3030 1214 3371 1289 iuuentae

661 1317 1131 1427 praefecerit,
1165 1338 1392 1391 nemo
1425 1336 1798 1405 veterum,
1824 1312 2035 1413 quod
2064 1312 2550 1406 meminerim,
2580 1316 2981 1391 memoriae
3022 1312 3371 1419 prodide-

665 1424 784 1501 rit.
857 1416 1123 1497 Baiulis
1155 1418 1305 1493 istis
1340 1415 1631 1517 adiungi
1667 1412 1995 1491 solebant
2022 1440 2064 1489 e
2096 1410 2293 1489 sacro
2324 1413 2585 1491 ordine
2616 1416 2755 1492 viri
2780 1416 2981 1493 doffl
3006 1416 3369 1492 moribus·

669 1549 821 1628 que
860 1517 1275 1625 conspicui,
1327 1521 1459 1619 qui
1488 1514 1654 1594 filiis
1687 1520 1976 1618 Regum
2007 1514 2248 1591 adhuc
2277 1541 2551 1619 pueros
2584 1516 2673 1593 ad
2702 1517 3109 1596 doetrinam
3147 1520 3371 1623 pieta-

663 1647 978 1725 temque
1039 1620 1460 1697 formarent.
1557 1642 1573 1655 *
1623 1622 1846 1695 Erant
1920 1616 2143 1693 etiam
2174 1672 2197 1711 ,
2262 1619 2394 1719 qui
2452 1621 2820 1723 principes
2863 1619 3367 1697 adolescentes

667 1747 952 1831 equum
980 1720 1437 1815 inscendere,
1467 1722 1686 1798 armis
1723 1721 1870 1812 vti,
1914 1718 2208 1821 telaque
2258 1720 2535 1797 vibrare
2566 1722 2941 1799 docerent.
3070 1722 3219 1801 Cui
3251 1724 3371 1825 gess

663 1829 823 1909 neri
853 1825 1462 1902 exercitationum
1510 1824 1726 1923 etiam
1773 1842 2184 1899 Lvoovicvs
2220 1822 2431 1917 Pius,
2482 1847 2728 1928 pater,
2754 1848 2903 1903 tam
2934 1846 3217 1901 mature
3250 1822 3373 1901 ad-

665 1927 1022 2010 suefactus
1053 1925 1196 2021 est,
1249 1948 1331 2003 vt
1355 1934 1552 2003 anub
1583 1922 2198 2003 DCCLXXXV.
2234 1947 2587 2004 euocatus
2616 1952 2711 2005 ex
2740 1928 3141 2031 Aquitania
3166 1953 3205 2003 a
3232 1929 3373 2104 Cf-

2552 2060 2557 2063 ·
2696 2050 2705 2064 ·
3210 2052 3297 2105 ro
3320 2052 3370 2103 o

977 2229 1196 2331 μὸψις
1221 2226 1543 2315 Boliskos,
1597 2234 1705 2305 cui
1734 2232 2093 2307 liberorum
2128 2239 2289 2327 Imp.
2316 2256 2468 2305 cura
2502 2257 2640 2307 erat
2674 2234 3089 2326 demendam,
3124 2259 3251 2307 ceu
3286 2260 3371 2311 ex

970 2338 1236 2411 Codino
1267 2336 1589 2408 discimus.
1691 2338 1874 2432 Quin
1918 2340 2039 2408 iam
2083 2339 2426 2432 Sophoclis
2472 2336 2887 2422 Scholiastes,
2934 2340 3174 2410 eodem
3219 2342 3373 2412 teste

969 2441 1248 2511 Fresneo
1267 2487 1288 2519 ,
1325 2435 1608 2526 βοὶιελον
1634 2461 1830 2510 vocat
1855 2431 2291 2534 παιδαγωγὸν
2313 2437 2424 2531 καὶ
2460 2431 2909 2540 πάιδοτξῖβην.
3009 2445 3189 2512 Hinc
3220 2447 3375 2512 Gre-

957 2539 1136 2630 gorii
1151 2587 1168 2616 ,
1193 2537 1395 2606 baiuli
1430 2538 1792 2622 Imperialis
1827 2545 2208 2609 Graecorum
2231 2541 2493 2632 mentio·
2509 2541 2586 2611 fit
2616 2543 2681 2612 in
2702 2543 2999 2610 Chronico
3024 2549 3081 2611 S.
3108 2543 3370 2614 Vincen-

975 2640 1060 2710 tit'
1107 2639 1397 2712 Vultum.
1431 2639 1570 2706 Lib.
1597 2641 1718 2706 III.
1773 2662 1842 2709 et
1867 2645 2044 2734 apud
2074 2647 2295 2712 ioman.
2334 2647 2563 2736 Papam
2599 2647 2775 2716 vm.
2800 2642 2999 2736 Eptst.
3026 2650 3197 2714 CLX
3200 2650 3373 2718 VIII.
3446 2662 3453 2668 ’

973 2743 1146 2810 CLX
1151 2741 1356 2810 VIIII.
1385 2759 1451 2808 et
1484 2741 1892 2810 CLXXVIII.
1970 2747 2172 2814 Hunc
2202 2767 2453 2814 morem
2484 2767 2555 2816 et
2585 2753 2799 2842 Reges
2832 2752 3223 2820 Francorum
3246 2753 3371 2846 pri·

983 2869 1126 2916 mae
1162 2843 1370 2938 stirpis
1417 2844 1866 2925 imitabantur,
1908 2867 2192 2936 quorum
2234 2845 2639 2940 temporibus
2682 2847 2905 2942 paffim
2944 2857 3371 2940 meminemnt

975 2947 1320 3040 fredegar.
1354 2949 1574 3014 Chron.
1601 2948 1751 3032 Cap.
1787 2949 2143 3018 LXXXVI.
2196 2952 2449 3020 Auctor
2478 2951 2713 3040 Gestar.
2730 2955 3086 3042 Dagoherti
3112 2951 3365 3041 C'apJI.

983 3053 1250 3122 Aimon.
1275 3047 1418 3116 Lib.
1445 3047 1602 3116 IIII.
1631 3054 1784 3134 Cap.
1817 3048 2188 3119 XXXVIII.
2218 3073 2287 3121 et
2318 3055 2445 3122 alii.
2540 3055 2867 3124 -Eumdem
2904 3057 3129 3149 postea
3156 3079 3227 3128 et
3252 3059 3371 3127 ea-

977 3151 1218 3244 rolingi
1245 3155 1687 3232 retinuerunt,
1715 3153 1890 3244 apud
1920 3175 2093 3244 quos
2124 3175 2199 3222 ea
2232 3153 2507 3247 dignitas
2538 3177 2899 3226 ΒΑινιΛτιο
2918 3159 3375 3251 adpeliabatur.

981 3257 1070 3324 Ea
1115 3255 1465 3324 vero'non
1502 3253 1709 3322 modo
1739 3256 2084 3346 proximus
2128 3257 2206 3324 ad
2250 3257 2527 3327 maiores
2556 3259 2897 3352 dignitates
2936 3266 3177 3354 gradus
3218 3285 3377 3352 erat,

974 3357 1084 3428 sed
1134 3374 1203 3425 et
1253 3377 1404 3426 cum
1445 3373 1614 3423 tanta
1656 3359 2031 3428 aufioritate
2082 3361 2459 3440 coniuncta,
2514 3379 2589 3431 vt
2632 3363 2960 3454 principes
3009 3365 3295 3445 baiulos,
3340 3390 3375 3436 a

979 3459 1218 3555 quibus
1263 3477 1445 3527 erant
1476 3457 1769 3542 edueati,
1795 3461 2183 3552 pierumque
2216 3483 2555 3553 parentum
2580 3465 2729 3533 ioco
2763 3465 3097 3549 haberent,
3126 3490 3193 3537 et
3224 3468 3379 3539 hinc

977 3585 1019 3654 e
1038 3583 1081 3652 ᾼ
1103 3583 1140 3630 a
1159 3583 1204 3629 o
1221 3580 1319 3628 ιν
1337 3581 1392 3637 s,
1425 3563 1574 3629 Rex
1607 3561 2039 3654 Burgundiae,
2068 3563 2359 3632 Lotharii
2390 3567 2438 3633 1.
2458 3568 2625 3659 Imp.
2658 3565 2866 3650 filius,
2900 3589 2945 3636 c
2970 3590 3105 3637 ιιιΑ
3128 3591 3173 3638 n
3190 3591 3235 3640 n
3255 3593 3373 3643 vu

972 3663 1303 3734 Comitem
1361 3653 1556 3752 filum
1607 3675 1939 3746 parentem
2010 3685 2087 3730 ac
2162 3663 2535 3733 nutritorem
2582 3687 2785 3737 vocet
2828 3671 2893 3738 in
2942 3669 3163 3740 charta
3228 3696 3373 3744 ann.

981 3763 1432 3840 DCCCLvu.
1465 3763 1638 3854 apud
1678 3764 2105 3836 Dacherium.
2150 3765 2365 3852 spicil.
2417 3768 2589 3837 Tom.
2614 3769 2761 3839 XII.
2782 3785 2850 3855 p.
2867 3793 2979 3841 120.
3092 3775 3277 3844 Hinc
3302 3795 3371 3846 et

961 3871 1081 3939 uix
1111 3865 1281 3950 aliis,
1309 3883 1502 3956 quam
1531 3865 1646 3958 qui
1678 3867 1742 3933 in
1772 3867 2008 3958 palatio
2050 3869 2267 3962 primo
2298 3869 2451 3939 ioco
2478 3891 2695 3954 erant,
2734 3871 2897 3943 haec
2928 3893 3081 3944 cura
3114 3877 3370 3946 deman·

975 3971 1269 4042 dabatur.
1323 3965 1618 4037 Nithard.
1653 3965 1794 4036 Lfb.
1831 3971 1885 4039 Ῑ.
1912 3969 1991 4044 de
2028 3965 2487 4062 dtffi’nssilior.
2518 3975 2757 4044 Ludou.
2794 3973 2904 4042 Pii
2940 3977 3103 4060 Imp.
3124 3993 3196 4061 p.
3228 3983 3365 4064 436.

965 4076 1080 4143 Ad
1106 4073 1278 4162 quod
1298 4089 1720 4140 ntnNARovM
1747 4074 2075 4160 quemdam
2095 4076 2321 4158 *ducem
2355 4073 2780 4158 Septimaniae
2806 4087 2999 4162 pater
3022 4077 3093 4144 in
3103 4075 3369 4171 stapple-

958 4189 1234 4243 mentum
1270 4167 1401 4266 fibi
1433 4167 1697 4264 sternens
1712 4220 1731 4254 ,
1780 4166 2213 4242 Camerarium
2258 4174 2609 4263 constituit,
2656 4177 3129 4276 xAnoLvmqu'e
3169 4180 3369 4251 eide'm

690 4342 699 4349 ,
967 4272 1420 4357 commendauit
1433 4311 1466 4354 ,·
1497 4295 1572 4342 ac
1579 4270 1933 4368 secundum
1961 4297 2003 4343 a
2015 4271 2099 4368 st
2127 4273 2197 4345 in
2228 4273 2495 4362 imperio
2513 4277 2859 4376 praeficit.

815 4381 904 4472 b)·
947 4376 1444 4498 VitaetLudoui'ci
1468 4397 1535 4470 p.
1555 4397 1696 4464 341.
