<?xml version="1.0" encoding="UTF-8"?>
<!DOCTYPE html PUBLIC "-//W3C//DTD XHTML 1.0 Transitional//EN"
    "http://www.w3.org/TR/xhtml1/DTD/xhtml1-transitional.dtd">
<html xmlns="http://www.w3.org/1999/xhtml" xml:lang="en" lang="en">
 <head>
  <title>
</title>
<meta http-equiv="Content-Type" content="text/html;charset=utf-8" />
  <meta name='ocr-system' content='tesseract 3.04.00' />
  <meta name='ocr-capabilities' content='ocr_page ocr_carea ocr_par ocr_line ocrx_word'/>
</head>
<body>
  <div class='ocr_page' id='page_1' title='image "./iogottlheinecci00heingoog/iogottlheinecci00heingoog_0143.png"; bbox 0 0 3825 4800; ppageno 0'>
   <div class='ocr_carea' id='block_1_1' title="bbox 562 282 3196 446">
    <p class='ocr_par' dir='ltr' id='par_1_1' title="bbox 562 282 3196 446">
     <span class='ocr_line' id='line_1_1' title="bbox 562 282 3196 446; baseline -0.008 -18"><span class='ocrx_word' id='word_1_1' title='bbox 562 282 580 363; x_wconf 32' lang='lat'>*-</span> <span class='ocrx_word' id='word_1_2' title='bbox 696 378 825 446; x_wconf 80' lang='lat'>¹24</span> <span class='ocrx_word' id='word_1_3' title='bbox 982 338 1535 423; x_wconf 71' lang='lat' dir='ltr'>HISToRiA</span> <span class='ocrx_word' id='word_1_4' title='bbox 1562 332 2230 415; x_wconf 75' lang='lat' dir='ltr'>,EDICTORVM</span> <span class='ocrx_word' id='word_1_5' title='bbox 2243 387 2268 427; x_wconf 90' lang='lat'>,</span> <span class='ocrx_word' id='word_1_6' title='bbox 2315 331 2462 409; x_wconf 90' lang='lat' dir='ltr'>ET</span> <span class='ocrx_word' id='word_1_7' title='bbox 2509 330 2877 411; x_wconf 82' lang='lat' dir='ltr'>EDICTI</span> <span class='ocrx_word' id='word_1_8' title='bbox 2921 328 3196 409; x_wconf 80' lang='lat' dir='ltr'>PERP.</span> 
     </span>
    </p>
   </div>
   <div class='ocr_carea' id='block_1_2' title="bbox 663 506 3422 621">
    <p class='ocr_par' dir='ltr' id='par_1_2' title="bbox 663 506 3422 621">
     <span class='ocr_line' id='line_1_2' title="bbox 663 506 3422 621; baseline -0.008 -7"><span class='ocrx_word' id='word_1_9' title='bbox 663 531 1043 615; x_wconf 65' lang='lat' dir='ltr'>²fislimum</span> <span class='ocrx_word' id='word_1_10' title='bbox 1070 516 1207 603; x_wconf 84' lang='lat' dir='ltr'>effe</span> <span class='ocrx_word' id='word_1_11' title='bbox 1238 524 1337 606; x_wconf 84' lang='lat' dir='ltr'>ait</span> <span class='ocrx_word' id='word_1_12' title='bbox 1350 572 1389 615; x_wconf 87' lang='lat' dir='ltr'>r</span> <span class='ocrx_word' id='word_1_13' title='bbox 1416 546 1577 599; x_wconf 88' lang='lat' dir='ltr'>eam</span> <span class='ocrx_word' id='word_1_14' title='bbox 1612 516 1749 598; x_wconf 84' lang='lat' dir='ltr'>esse</span> <span class='ocrx_word' id='word_1_15' title='bbox 1784 506 2163 597; x_wconf 69' lang='lat' dir='ltr'>fiffionem</span> <span class='ocrx_word' id='word_1_16' title='bbox 2181 571 2204 612; x_wconf 87' lang='lat'>‚</span> <span class='ocrx_word' id='word_1_17' title='bbox 2251 516 2430 621; x_wconf 69' lang='lat' dir='ltr'>qitia</span> <span class='ocrx_word' id='word_1_18' title='bbox 2469 516 2644 617; x_wconf 84' lang='lat' dir='ltr'>Imp.</span> <span class='ocrx_word' id='word_1_19' title='bbox 2687 510 3020 611; x_wconf 62' lang='lat' dir='ltr'>testetur,</span> <span class='ocrx_word' id='word_1_20' title='bbox 3079 514 3162 592; x_wconf 81' lang='lat' dir='ltr'>in</span> <span class='ocrx_word' id='word_1_21' title='bbox 3199 512 3422 591; x_wconf 67' lang='lat' dir='ltr'>edid&#39;o</span> 
     </span>
    </p>
   </div>
   <div class='ocr_carea' id='block_1_3' title="bbox 706 616 3734 742">
    <p class='ocr_par' dir='ltr' id='par_1_3' title="bbox 706 616 3734 742">
     <span class='ocr_line' id='line_1_3' title="bbox 706 616 3734 742; baseline -0.009 -29"><span class='ocrx_word' id='word_1_22' title='bbox 706 648 861 737; x_wconf 72' lang='lat' dir='ltr'>eam</span> <span class='ocrx_word' id='word_1_23' title='bbox 878 626 1093 735; x_wconf 66' lang='lat' dir='ltr'>futffiz</span> <span class='ocrx_word' id='word_1_24' title='bbox 1106 620 1533 742; x_wconf 64' lang='lat' dir='ltr'>propositam</span> <span class='ocrx_word' id='word_1_25' title='bbox 1549 686 1569 723; x_wconf 86' lang='lat'>‚</span> <span class='ocrx_word' id='word_1_26' title='bbox 1607 621 1683 699; x_wconf 83' lang='lat' dir='ltr'>in</span> <span class='ocrx_word' id='word_1_27' title='bbox 1698 648 1835 736; x_wconf 69' lang='lat' dir='ltr'>qup</span> <span class='ocrx_word' id='word_1_28' title='bbox 1848 616 2032 719; x_wconf 84' lang='lat' dir='ltr'>fime</span> <span class='ocrx_word' id='word_1_29' title='bbox 2047 619 2379 723; x_wconf 83' lang='lat' dir='ltr'>praetori</span> <span class='ocrx_word' id='word_1_30' title='bbox 2402 623 2853 720; x_wconf 82' lang='lat' dir='ltr'>necfingere,</span> <span class='ocrx_word' id='word_1_31' title='bbox 2897 642 3030 695; x_wconf 79' lang='lat' dir='ltr'>nec</span> <span class='ocrx_word' id='word_1_32' title='bbox 3047 636 3188 719; x_wconf 85' lang='lat' dir='ltr'>pro</span> <span class='ocrx_word' id='word_1_33' title='bbox 3215 617 3422 693; x_wconf 79' lang='lat' dir='ltr'>arhi-</span> <span class='ocrx_word' id='word_1_34' title='bbox 3545 686 3552 691; x_wconf 83' lang='grc'>,</span> <span class='ocrx_word' id='word_1_35' title='bbox 3603 720 3612 729; x_wconf 90' lang='lat'><strong><em>.</em></strong></span> <span class='ocrx_word' id='word_1_36' title='bbox 3679 680 3687 687; x_wconf 87' lang='lat'><em>.</em></span> <span class='ocrx_word' id='word_1_37' title='bbox 3727 680 3734 695; x_wconf 87' lang='grc'><strong>,</strong></span> 
     </span>
    </p>
   </div>
   <div class='ocr_carea' id='block_1_4' title="bbox 688 714 3426 1030">
    <p class='ocr_par' dir='ltr' id='par_1_4' title="bbox 688 714 3426 1030">
     <span class='ocr_line' id='line_1_4' title="bbox 688 714 3422 834; baseline -0.008 -18"><span class='ocrx_word' id='word_1_38' title='bbox 688 738 851 817; x_wconf 85' lang='lat' dir='ltr'>·trio</span> <span class='ocrx_word' id='word_1_39' title='bbox 889 735 1082 833; x_wconf 81' lang='lat' dir='ltr'>leges</span> <span class='ocrx_word' id='word_1_40' title='bbox 1120 746 1507 809; x_wconf 66' lang='lat' dir='ltr'>immutare</span> <span class='ocrx_word' id='word_1_41' title='bbox 1546 726 1835 803; x_wconf 75' lang='lat' dir='ltr'>licuerzt</span> <span class='ocrx_word' id='word_1_42' title='bbox 1849 776 1871 815; x_wconf 90' lang='lat'>,</span> <span class='ocrx_word' id='word_1_43' title='bbox 1939 720 2024 799; x_wconf 81' lang='lat' dir='ltr'>id</span> <span class='ocrx_word' id='word_1_44' title='bbox 2062 722 2260 825; x_wconf 80' lang='lat' dir='ltr'>quod</span> <span class='ocrx_word' id='word_1_45' title='bbox 2273 718 2508 821; x_wconf 71' lang='lat' dir='ltr'>,fitpra</span> <span class='ocrx_word' id='word_1_46' title='bbox 2521 719 2845 834; x_wconf 57' lang='lat' dir='ltr'>pluribus</span> <span class='ocrx_word' id='word_1_47' title='bbox 2885 714 3422 815; x_wconf 61' lang='lat' dir='ltr'>demonstrant.</span> 
     </span>
     <span class='ocr_line' id='line_1_5' title="bbox 696 822 3426 939; baseline -0.007 -23"><span class='ocrx_word' id='word_1_48' title='bbox 696 828 1177 939; x_wconf 68' lang='lat' dir='ltr'>‹Lepida&#39;sane</span> <span class='ocrx_word' id='word_1_49' title='bbox 1206 829 1283 903; x_wconf 79' lang='lat' dir='ltr'>et</span> <span class='ocrx_word' id='word_1_50' title='bbox 1312 825 1527 929; x_wconf 80' lang='lat' dir='ltr'>digna</span> <span class='ocrx_word' id='word_1_51' title='bbox 1555 846 1763 939; x_wconf 72' lang='lat' dir='ltr'>tanto</span> <span class='ocrx_word' id='word_1_52' title='bbox 1812 822 2261 926; x_wconf 84' lang='lat' dir='ltr'>philosopho</span> <span class='ocrx_word' id='word_1_53' title='bbox 2301 822 2798 935; x_wconf 72' lang='lat' dir='ltr'>ratiocinatiol</span> <span class='ocrx_word' id='word_1_54' title='bbox 2858 824 3070 913; x_wconf 75' lang='lat' dir='ltr'>Noa,</span> <span class='ocrx_word' id='word_1_55' title='bbox 3120 822 3426 897; x_wconf 77' lang='lat' dir='ltr'>Praeto-</span> 
     </span>
     <span class='ocr_line' id='line_1_6' title="bbox 702 918 3426 1030; baseline -0.007 -13"><span class='ocrx_word' id='word_1_56' title='bbox 702 963 903 1030; x_wconf 68' lang='lat' dir='ltr'>rem,</span> <span class='ocrx_word' id='word_1_57' title='bbox 964 930 1387 1010; x_wconf 58' lang='lat' dir='ltr'>fictionibus</span> <span class='ocrx_word' id='word_1_58' title='bbox 1429 930 1785 1020; x_wconf 69' lang='lat' dir='ltr'>inuentffi,</span> <span class='ocrx_word' id='word_1_59' title='bbox 1853 925 2050 1029; x_wconf 84' lang='lat' dir='ltr'>leges</span> <span class='ocrx_word' id='word_1_60' title='bbox 2093 946 2424 1000; x_wconf 88' lang='lat' dir='ltr'>euertere</span> <span class='ocrx_word' id='word_1_61' title='bbox 2458 918 2899 999; x_wconf 80' lang='lat' dir='ltr'>consueuiss‘e</span> <span class='ocrx_word' id='word_1_62' title='bbox 2921 974 2946 1014; x_wconf 91' lang='lat'>‚</span> <span class='ocrx_word' id='word_1_63' title='bbox 3073 921 3426 999; x_wconf 79' lang='lat' dir='ltr'>robamus</span> 
     </span>
    </p>
   </div>
   <div class='ocr_carea' id='block_1_5' title="bbox 708 1023 3733 1141">
    <p class='ocr_par' dir='ltr' id='par_1_5' title="bbox 708 1023 3733 1141">
     <span class='ocr_line' id='line_1_7' title="bbox 708 1023 3733 1141; baseline -0.01 -22"><span class='ocrx_word' id='word_1_64' title='bbox 708 1032 1057 1141; x_wconf 85' lang='lat' dir='ltr'>exemplo</span> <span class='ocrx_word' id='word_1_65' title='bbox 1090 1030 1405 1123; x_wconf 60' lang='lat' dir='ltr'>fietionis</span> <span class='ocrx_word' id='word_1_66' title='bbox 1429 1026 1907 1105; x_wconf 78' lang='lat' dir='ltr'><strong>Publicianae.</strong></span> <span class='ocrx_word' id='word_1_67' title='bbox 2025 1025 2333 1111; x_wconf 86' lang='lat' dir='ltr'>Vindex</span> <span class='ocrx_word' id='word_1_68' title='bbox 2367 1026 2556 1101; x_wconf 87' lang='lat' dir='ltr'>hanc</span> <span class='ocrx_word' id='word_1_69' title='bbox 2583 1023 2962 1101; x_wconf 73' lang='lat' dir='ltr'>fiffionem</span> <span class='ocrx_word' id='word_1_70' title='bbox 2991 1048 3034 1099; x_wconf 92' lang='lat' dir='ltr'>e</span> <span class='ocrx_word' id='word_1_71' title='bbox 3087 1044 3129 1101; x_wconf 83' lang='lat' dir='ltr'>e</span> <span class='ocrx_word' id='word_1_72' title='bbox 3165 1044 3262 1099; x_wconf 88' lang='lat' dir='ltr'>ne</span> <span class='ocrx_word' id='word_1_73' title='bbox 3351 1044 3429 1118; x_wconf 68' lang='lat' dir='ltr'>t,</span> <span class='ocrx_word' id='word_1_74' title='bbox 3523 1116 3530 1121; x_wconf 28' lang='lat'>·</span> <span class='ocrx_word' id='word_1_75' title='bbox 3653 1050 3664 1067; x_wconf 64' lang='lat'><strong><em>¹</em></strong></span> <span class='ocrx_word' id='word_1_76' title='bbox 3726 1096 3733 1115; x_wconf 31' lang='grc'>1</span> 
     </span>
    </p>
   </div>
   <div class='ocr_carea' id='block_1_6' title="bbox 706 1126 3430 1444">
    <p class='ocr_par' dir='ltr' id='par_1_6' title="bbox 706 1126 3430 1444">
     <span class='ocr_line' id='line_1_8' title="bbox 814 1126 3426 1231; baseline -0.007 -14"><span class='ocrx_word' id='word_1_77' title='bbox 814 1142 877 1216; x_wconf 90' lang='lat' dir='ltr'>ia</span> <span class='ocrx_word' id='word_1_78' title='bbox 895 1142 1193 1216; x_wconf 85' lang='lat' dir='ltr'>Praetor</span> <span class='ocrx_word' id='word_1_79' title='bbox 1205 1175 1241 1226; x_wconf 48' lang='lat'>,⁴</span> <span class='ocrx_word' id='word_1_80' title='bbox 1271 1132 1593 1213; x_wconf 84' lang='lat' dir='ltr'>inuentis</span> <span class='ocrx_word' id='word_1_81' title='bbox 1608 1127 2025 1207; x_wconf 72' lang='lat' dir='ltr'>fifflonibus</span> <span class='ocrx_word' id='word_1_82' title='bbox 2039 1182 2064 1222; x_wconf 89' lang='lat'>,</span> <span class='ocrx_word' id='word_1_83' title='bbox 2092 1126 2286 1231; x_wconf 85' lang='lat' dir='ltr'>leg&#39;es</span> <span class='ocrx_word' id='word_1_84' title='bbox 2314 1148 2644 1203; x_wconf 86' lang='lat' dir='ltr'>euertere</span> <span class='ocrx_word' id='word_1_85' title='bbox 2655 1147 2818 1203; x_wconf 89' lang='lat' dir='ltr'>non</span> <span class='ocrx_word' id='word_1_86' title='bbox 2838 1126 3193 1228; x_wconf 86' lang='lat' dir='ltr'>potuerit.</span> <span class='ocrx_word' id='word_1_87' title='bbox 3315 1128 3426 1201; x_wconf 87' lang='lat' dir='ltr'>ia-</span> 
     </span>
     <span class='ocr_line' id='line_1_9' title="bbox 706 1224 3426 1337; baseline -0.006 -16"><span class='ocrx_word' id='word_1_88' title='bbox 706 1240 943 1322; x_wconf 70' lang='lat' dir='ltr'>lefflci</span> <span class='ocrx_word' id='word_1_89' title='bbox 972 1236 1052 1315; x_wconf 88' lang='lat' dir='ltr'>id</span> <span class='ocrx_word' id='word_1_90' title='bbox 1082 1254 1351 1326; x_wconf 84' lang='lat' dir='ltr'>vocant</span> <span class='ocrx_word' id='word_1_91' title='bbox 1376 1232 1816 1337; x_wconf 86' lang='lat' dir='ltr'>petitionem</span> <span class='ocrx_word' id='word_1_92' title='bbox 1846 1231 2004 1307; x_wconf 82' lang='lat' dir='ltr'>eius</span> <span class='ocrx_word' id='word_1_93' title='bbox 2021 1282 2046 1323; x_wconf 89' lang='lat'>‚</span> <span class='ocrx_word' id='word_1_94' title='bbox 2095 1228 2306 1331; x_wconf 87' lang='lat' dir='ltr'>quod</span> <span class='ocrx_word' id='word_1_95' title='bbox 2329 1229 2436 1305; x_wconf 84' lang='lat' dir='ltr'>est</span> <span class='ocrx_word' id='word_1_96' title='bbox 2461 1229 2544 1307; x_wconf 89' lang='lat' dir='ltr'>in</span> <span class='ocrx_word' id='word_1_97' title='bbox 2582 1227 2980 1332; x_wconf 71' lang='lat' dir='ltr'>principio,</span> <span class='ocrx_word' id='word_1_98' title='bbox 3095 1229 3206 1305; x_wconf 90' lang='lat' dir='ltr'>At</span> <span class='ocrx_word' id='word_1_99' title='bbox 3235 1224 3426 1329; x_wconf 83' lang='lat' dir='ltr'>quid</span> 
     </span>
     <span class='ocr_line' id='line_1_10' title="bbox 709 1326 3430 1444; baseline -0.007 -21"><span class='ocrx_word' id='word_1_100' title='bbox 709 1344 817 1423; x_wconf 89' lang='lat' dir='ltr'>est</span> <span class='ocrx_word' id='word_1_101' title='bbox 834 1396 857 1435; x_wconf 87' lang='lat'>,</span> <span class='ocrx_word' id='word_1_102' title='bbox 908 1334 1177 1441; x_wconf 81' lang='lat' dir='ltr'>quaeso</span> <span class='ocrx_word' id='word_1_103' title='bbox 1191 1390 1217 1429; x_wconf 82' lang='lat'><em>,</em></span> <span class='ocrx_word' id='word_1_104' title='bbox 1266 1334 1460 1413; x_wconf 86' lang='lat' dir='ltr'>istud</span> <span class='ocrx_word' id='word_1_105' title='bbox 1488 1332 1792 1411; x_wconf 88' lang='lat' dir='ltr'>Publicii</span> <span class='ocrx_word' id='word_1_106' title='bbox 1817 1336 2098 1431; x_wconf 70' lang='grc' dir='ltr'>ἓυρήμω,</span> <span class='ocrx_word' id='word_1_107' title='bbox 2149 1330 2202 1407; x_wconf 87' lang='lat' dir='ltr'><strong>fi</strong></span> <span class='ocrx_word' id='word_1_108' title='bbox 2223 1328 2425 1409; x_wconf 61' lang='lat' dir='ltr'>fictio</span> <span class='ocrx_word' id='word_1_109' title='bbox 2441 1328 2774 1407; x_wconf 74' lang='lat' dir='ltr'>nonest?</span> <span class='ocrx_word' id='word_1_110' title='bbox 2819 1328 3038 1407; x_wconf 81' lang='lat' dir='ltr'>Nihil</span> <span class='ocrx_word' id='word_1_111' title='bbox 3049 1326 3430 1444; x_wconf 43' lang='lat' dir='ltr'>aliudsuq-</span> 
     </span>
    </p>
   </div>
   <div class='ocr_carea' id='block_1_7' title="bbox 566 1430 3432 1550">
    <p class='ocr_par' dir='ltr' id='par_1_7' title="bbox 566 1430 3432 1550">
     <span class='ocr_line' id='line_1_11' title="bbox 566 1430 3432 1550; baseline -0.007 -24"><span class='ocrx_word' id='word_1_112' title='bbox 566 1456 575 1469; x_wconf 84' lang='lat'><strong><em>‘</em></strong></span> <span class='ocrx_word' id='word_1_113' title='bbox 710 1442 811 1543; x_wconf 82' lang='lat' dir='ltr'>est</span> <span class='ocrx_word' id='word_1_114' title='bbox 822 1498 845 1537; x_wconf 90' lang='lat'>,</span> <span class='ocrx_word' id='word_1_115' title='bbox 894 1439 1140 1542; x_wconf 89' lang='lat' dir='ltr'>inquit</span> <span class='ocrx_word' id='word_1_116' title='bbox 1170 1435 1447 1516; x_wconf 85' lang='lat' dir='ltr'>vindex</span> <span class='ocrx_word' id='word_1_117' title='bbox 1462 1490 1486 1529; x_wconf 88' lang='lat'>‚</span> <span class='ocrx_word' id='word_1_118' title='bbox 1535 1460 1755 1550; x_wconf 79' lang='lat' dir='ltr'>quam</span> <span class='ocrx_word' id='word_1_119' title='bbox 1776 1434 2284 1549; x_wconf 72' lang='lat' dir='ltr'><em>interpretatio</em></span> <span class='ocrx_word' id='word_1_120' title='bbox 2307 1430 2674 1529; x_wconf 80' lang='lat' dir='ltr'>extenfiua</span> <span class='ocrx_word' id='word_1_121' title='bbox 2697 1431 3170 1535; x_wconf 72' lang='lat' dir='ltr'>antiquarum</span> <span class='ocrx_word' id='word_1_122' title='bbox 3207 1451 3290 1507; x_wconf 85' lang='lat' dir='ltr'>et</span> <span class='ocrx_word' id='word_1_123' title='bbox 3317 1456 3432 1509; x_wconf 60' lang='lat' dir='ltr'>rn-</span> 
     </span>
    </p>
   </div>
   <div class='ocr_carea' id='block_1_8' title="bbox 89 1946 111 4536">
    <p class='ocr_par' dir='ltr' id='par_1_8' title="bbox 89 1946 111 4536">
     <span class='ocr_line' id='line_1_12' title="bbox 89 1946 111 4536; baseline 0 0"><span class='ocrx_word' id='word_1_124' title='bbox 89 1946 111 4536; x_wconf 95' lang='lat' dir='ltr'> </span> 
     </span>
    </p>
   </div>
   <div class='ocr_carea' id='block_1_9' title="bbox 626 1530 3436 2157">
    <p class='ocr_par' dir='ltr' id='par_1_9' title="bbox 702 1530 3436 1947">
     <span class='ocr_line' id='line_1_13' title="bbox 702 1530 3426 1651; baseline -0.006 -28"><span class='ocrx_word' id='word_1_125' title='bbox 702 1546 1044 1651; x_wconf 81' lang='lat' dir='ltr'>gidarum</span> <span class='ocrx_word' id='word_1_126' title='bbox 1068 1542 1307 1641; x_wconf 84' lang='lat' dir='ltr'>legum</span> <span class='ocrx_word' id='word_1_127' title='bbox 1331 1538 1421 1621; x_wconf 81' lang='lat' dir='ltr'>de</span> <span class='ocrx_word' id='word_1_128' title='bbox 1460 1564 1571 1616; x_wconf 81' lang='lat' dir='ltr'>ret</span> <span class='ocrx_word' id='word_1_129' title='bbox 1618 1535 2088 1618; x_wconf 71' lang='lat' dir='ltr'>vindicanone</span> <span class='ocrx_word' id='word_1_130' title='bbox 2117 1555 2192 1612; x_wconf 80' lang='lat' dir='ltr'>et</span> <span class='ocrx_word' id='word_1_131' title='bbox 2231 1531 2676 1636; x_wconf 60' lang='lat' dir='ltr'>«usucapione,</span> <span class='ocrx_word' id='word_1_132' title='bbox 2723 1530 3308 1648; x_wconf 58' lang='lat' dir='ltr'>quemadmodem</span> <span class='ocrx_word' id='word_1_133' title='bbox 3341 1532 3426 1609; x_wconf 79' lang='lat' dir='ltr'>in</span> 
     </span>
     <span class='ocr_line' id='line_1_14' title="bbox 710 1632 3436 1748; baseline -0.006 -22"><span class='ocrx_word' id='word_1_134' title='bbox 710 1640 1125 1747; x_wconf 70' lang='lat' dir='ltr'>refi&#39;iffbria‚</span> <span class='ocrx_word' id='word_1_135' title='bbox 1174 1666 1375 1748; x_wconf 84' lang='lat' dir='ltr'>quae·</span> <span class='ocrx_word' id='word_1_136' title='bbox 1390 1637 1689 1717; x_wconf 80' lang='lat' dir='ltr'>eiusdem</span> <span class='ocrx_word' id='word_1_137' title='bbox 1706 1639 1990 1739; x_wconf 53' lang='lat' dir='ltr'>generi</span> <span class='ocrx_word' id='word_1_138' title='bbox 2013 1632 2138 1733; x_wconf 83' lang='lat' dir='ltr'>est,</span> <span class='ocrx_word' id='word_1_139' title='bbox 2183 1634 2582 1733; x_wconf 60' lang='lat' dir='ltr'>restris-‘lina</span> <span class='ocrx_word' id='word_1_140' title='bbox 2605 1635 2891 1713; x_wconf 82' lang='lat' dir='ltr'>obtmet.</span> <span class='ocrx_word' id='word_1_141' title='bbox 2983 1636 3436 1737; x_wconf 80' lang='lat' dir='ltr'>Interpreta-</span> 
     </span>
     <span class='ocr_line' id='line_1_15' title="bbox 706 1734 3428 1848; baseline -0.004 -23"><span class='ocrx_word' id='word_1_142' title='bbox 706 1748 823 1827; x_wconf 82' lang='lat' dir='ltr'>tio</span> <span class='ocrx_word' id='word_1_143' title='bbox 850 1744 1027 1848; x_wconf 84' lang='lat' dir='ltr'>legis</span> <span class='ocrx_word' id='word_1_144' title='bbox 1040 1796 1065 1838; x_wconf 87' lang='lat'><em>,</em></span> <span class='ocrx_word' id='word_1_145' title='bbox 1113 1767 1207 1819; x_wconf 89' lang='lat' dir='ltr'>ex</span> <span class='ocrx_word' id='word_1_146' title='bbox 1234 1765 1395 1817; x_wconf 86' lang='lat' dir='ltr'>mea</span> <span class='ocrx_word' id='word_1_147' title='bbox 1427 1737 1775 1817; x_wconf 75' lang='lat' dir='ltr'>sententia</span> <span class='ocrx_word' id='word_1_148' title='bbox 1818 1738 1932 1815; x_wconf 88' lang='lat' dir='ltr'>est</span> <span class='ocrx_word' id='word_1_149' title='bbox 1961 1734 2326 1839; x_wconf 77' lang='lat' dir='ltr'>expositio</span> <span class='ocrx_word' id='word_1_150' title='bbox 2373 1734 2769 1813; x_wconf 86' lang='lat' dir='ltr'>sententiae</span> <span class='ocrx_word' id='word_1_151' title='bbox 2799 1734 3227 1841; x_wconf 82' lang='lat' dir='ltr'>legislatoris</span> <span class='ocrx_word' id='word_1_152' title='bbox 3240 1788 3266 1829; x_wconf 88' lang='lat'><strong><em>‚</em></strong></span> <span class='ocrx_word' id='word_1_153' title='bbox 3327 1758 3428 1813; x_wconf 84' lang='lat' dir='ltr'>ex</span> 
     </span>
     <span class='ocr_line' id='line_1_16' title="bbox 706 1835 3429 1947; baseline -0.007 -18"><span class='ocrx_word' id='word_1_154' title='bbox 706 1847 991 1937; x_wconf 81' lang='lat' dir='ltr'>ratione</span> <span class='ocrx_word' id='word_1_155' title='bbox 1016 1842 1195 1947; x_wconf 84' lang='lat' dir='ltr'>legis</span> <span class='ocrx_word' id='word_1_156' title='bbox 1224 1839 1565 1920; x_wconf 88' lang='lat' dir='ltr'>eruenda.</span> <span class='ocrx_word' id='word_1_157' title='bbox 1664 1842 1879 1919; x_wconf 85' lang='lat' dir='ltr'>Haec</span> <span class='ocrx_word' id='word_1_158' title='bbox 1904 1840 2130 1932; x_wconf 81' lang='lat' dir='ltr'>rati0,</span> <span class='ocrx_word' id='word_1_159' title='bbox 2179 1836 2228 1913; x_wconf 82' lang='lat' dir='ltr'>fi</span> <span class='ocrx_word' id='word_1_160' title='bbox 2262 1866 2276 1877; x_wconf 54' lang='grc'>’·</span> <span class='ocrx_word' id='word_1_161' title='bbox 2313 1836 2560 1915; x_wconf 85' lang='lat' dir='ltr'>uando</span> <span class='ocrx_word' id='word_1_162' title='bbox 2583 1837 2798 1915; x_wconf 86' lang='lat' dir='ltr'>latius</span> <span class='ocrx_word' id='word_1_163' title='bbox 2822 1851 3038 1943; x_wconf 78' lang='lat' dir='ltr'>patet</span> <span class='ocrx_word' id='word_1_164' title='bbox 3051 1837 3297 1915; x_wconf 83' lang='lat' dir='ltr'>verbis</span> <span class='ocrx_word' id='word_1_165' title='bbox 3315 1835 3429 1912; x_wconf 79' lang='lat' dir='ltr'>le-</span> 
     </span>
    </p>

    <p class='ocr_par' dir='ltr' id='par_1_10' title="bbox 626 1934 3430 2157">
     <span class='ocr_line' id='line_1_17' title="bbox 708 1934 3430 2055; baseline -0.005 -28"><span class='ocrx_word' id='word_1_166' title='bbox 708 1950 817 2055; x_wconf 81' lang='lat' dir='ltr'>gis</span> <span class='ocrx_word' id='word_1_167' title='bbox 834 2004 857 2043; x_wconf 91' lang='lat'>‚</span> <span class='ocrx_word' id='word_1_168' title='bbox 909 1942 1493 2047; x_wconf 75' lang='lat' dir='ltr'>interpretationi</span> <span class='ocrx_word' id='word_1_169' title='bbox 1520 1939 1920 2039; x_wconf 76' lang='lat' dir='ltr'>extenfiuae·</span> <span class='ocrx_word' id='word_1_170' title='bbox 1929 1970 1990 2031; x_wconf 72' lang='lat'>,·-.</span> <span class='ocrx_word' id='word_1_171' title='bbox 2007 1937 2112 2019; x_wconf 85' lang='lat' dir='ltr'>fin</span> <span class='ocrx_word' id='word_1_172' title='bbox 2139 1965 2231 2017; x_wconf 84' lang='lat' dir='ltr'>ve</span> <span class='ocrx_word' id='word_1_173' title='bbox 2315 1939 2378 2017; x_wconf 86' lang='lat' dir='ltr'>is</span> <span class='ocrx_word' id='word_1_174' title='bbox 2406 1938 2796 2043; x_wconf 75' lang='lat' dir='ltr'>angustior,</span> <span class='ocrx_word' id='word_1_175' title='bbox 2811 1934 3430 2041; x_wconf 61' lang='lat' dir='ltr'>rfflrifi&#39;iuaesup-</span> 
     </span>
     <span class='ocr_line' id='line_1_18' title="bbox 626 2038 3420 2157; baseline -0.005 -29"><span class='ocrx_word' id='word_1_176' title='bbox 626 2044 633 2049; x_wconf 71' lang='grc'><strong>’</strong></span> <span class='ocrx_word' id='word_1_177' title='bbox 708 2050 993 2157; x_wconf 83' lang='lat' dir='ltr'>peditat</span> <span class='ocrx_word' id='word_1_178' title='bbox 1012 2044 1597 2132; x_wconf 85' lang='lat' dir='ltr'>fundamentum.</span> <span class='ocrx_word' id='word_1_179' title='bbox 1694 2046 1863 2121; x_wconf 83' lang='lat' dir='ltr'>Lex</span> <span class='ocrx_word' id='word_1_180' title='bbox 1886 2042 2026 2121; x_wconf 87' lang='lat' dir='ltr'>est:</span> <span class='ocrx_word' id='word_1_181' title='bbox 2077 2042 2418 2119; x_wconf 77' lang='lat' dir='ltr'>Dominus</span> <span class='ocrx_word' id='word_1_182' title='bbox 2438 2038 2820 2141; x_wconf 79' lang='lat' dir='ltr'>remsuam</span> <span class='ocrx_word' id='word_1_183' title='bbox 2843 2042 3008 2135; x_wconf 74' lang='lat' dir='ltr'>iure</span> <span class='ocrx_word' id='word_1_184' title='bbox 3023 2040 3420 2133; x_wconf 61' lang='lat' dir='ltr'>«vindicato,</span> 
     </span>
    </p>
   </div>
   <div class='ocr_carea' id='block_1_10' title="bbox 710 2138 3520 2246">
    <p class='ocr_par' dir='ltr' id='par_1_11' title="bbox 710 2138 3520 2246">
     <span class='ocr_line' id='line_1_19' title="bbox 710 2138 3520 2246; baseline -0.005 -15"><span class='ocrx_word' id='word_1_185' title='bbox 710 2152 993 2232; x_wconf 81' lang='lat' dir='ltr'>vbicum</span> <span class='ocrx_word' id='word_1_186' title='bbox 1043 2175 1133 2226; x_wconf 83' lang='lat' dir='ltr'>ue</span> <span class='ocrx_word' id='word_1_187' title='bbox 1162 2173 1319 2225; x_wconf 80' lang='lat' dir='ltr'>eam</span> <span class='ocrx_word' id='word_1_188' title='bbox 1348 2146 1743 2236; x_wconf 75' lang='lat' dir='ltr'>inumerit,</span> <span class='ocrx_word' id='word_1_189' title='bbox 1788 2144 2103 2246; x_wconf 83' lang='lat' dir='ltr'>eiusque</span> <span class='ocrx_word' id='word_1_190' title='bbox 2125 2144 2318 2224; x_wconf 85' lang='lat' dir='ltr'>ratio</span> <span class='ocrx_word' id='word_1_191' title='bbox 2339 2140 2664 2220; x_wconf 71' lang='lat' dir='ltr'>consistit</span> <span class='ocrx_word' id='word_1_192' title='bbox 2685 2143 2768 2221; x_wconf 87' lang='lat' dir='ltr'>in</span> <span class='ocrx_word' id='word_1_193' title='bbox 2797 2166 2897 2219; x_wconf 88' lang='lat' dir='ltr'>eo</span> <span class='ocrx_word' id='word_1_194' title='bbox 2903 2196 2930 2235; x_wconf 87' lang='lat'><strong>,</strong></span> <span class='ocrx_word' id='word_1_195' title='bbox 2953 2138 3168 2245; x_wconf 83' lang='lat' dir='ltr'>quod</span> <span class='ocrx_word' id='word_1_196' title='bbox 3177 2138 3430 2219; x_wconf 90' lang='lat' dir='ltr'>domi-</span> <span class='ocrx_word' id='word_1_197' title='bbox 3515 2172 3520 2175; x_wconf 95' lang='lat'>·</span> 
     </span>
    </p>
   </div>
   <div class='ocr_carea' id='block_1_11' title="bbox 607 2242 3554 4363">
    <p class='ocr_par' dir='ltr' id='par_1_12' title="bbox 607 2242 3554 4048">
     <span class='ocr_line' id='line_1_20' title="bbox 708 2242 3430 2347; baseline -0.004 -15"><span class='ocrx_word' id='word_1_198' title='bbox 708 2254 921 2333; x_wconf 86' lang='lat' dir='ltr'>nium</span> <span class='ocrx_word' id='word_1_199' title='bbox 950 2276 992 2325; x_wconf 89' lang='lat' dir='ltr'>e</span> <span class='ocrx_word' id='word_1_200' title='bbox 1084 2250 1203 2325; x_wconf 86' lang='lat' dir='ltr'>ius</span> <span class='ocrx_word' id='word_1_201' title='bbox 1240 2248 1321 2322; x_wconf 91' lang='lat' dir='ltr'>in</span> <span class='ocrx_word' id='word_1_202' title='bbox 1348 2269 1427 2321; x_wconf 89' lang='lat' dir='ltr'>re</span> <span class='ocrx_word' id='word_1_203' title='bbox 1440 2298 1466 2339; x_wconf 88' lang='lat'><strong><em>,</em></strong></span> <span class='ocrx_word' id='word_1_204' title='bbox 1517 2244 1729 2347; x_wconf 83' lang='lat' dir='ltr'>quod</span> <span class='ocrx_word' id='word_1_205' title='bbox 1740 2298 1768 2339; x_wconf 86' lang='lat'>,</span> <span class='ocrx_word' id='word_1_206' title='bbox 1812 2244 2204 2327; x_wconf 72' lang='lat' dir='ltr'>interueria</span> <span class='ocrx_word' id='word_1_207' title='bbox 2241 2244 2420 2321; x_wconf 89' lang='lat' dir='ltr'>licet</span> <span class='ocrx_word' id='word_1_208' title='bbox 2563 2242 2925 2337; x_wconf 80' lang='lat' dir='ltr'>ss‘effione,</span> <span class='ocrx_word' id='word_1_209' title='bbox 2983 2266 3144 2321; x_wconf 88' lang='lat' dir='ltr'>non</span> <span class='ocrx_word' id='word_1_210' title='bbox 3183 2244 3430 2321; x_wconf 86' lang='lat' dir='ltr'>extin-</span> 
     </span>
     <span class='ocr_line' id='line_1_21' title="bbox 712 2342 3434 2458; baseline -0.002 -28"><span class='ocrx_word' id='word_1_211' title='bbox 712 2354 979 2458; x_wconf 80' lang='lat' dir='ltr'>guitur.</span> <span class='ocrx_word' id='word_1_212' title='bbox 1049 2349 1205 2431; x_wconf 87' lang='lat' dir='ltr'>Iam</span> <span class='ocrx_word' id='word_1_213' title='bbox 1240 2371 1335 2424; x_wconf 87' lang='lat' dir='ltr'>an</span> <span class='ocrx_word' id='word_1_214' title='bbox 1354 2346 1541 2424; x_wconf 79' lang='lat' dir='ltr'>haec</span> <span class='ocrx_word' id='word_1_215' title='bbox 1568 2346 1759 2424; x_wconf 85' lang='lat' dir='ltr'>ratio</span> <span class='ocrx_word' id='word_1_216' title='bbox 1782 2345 1998 2423; x_wconf 86' lang='lat' dir='ltr'>latius</span> <span class='ocrx_word' id='word_1_217' title='bbox 2031 2368 2236 2450; x_wconf 84' lang='lat' dir='ltr'>patet</span> <span class='ocrx_word' id='word_1_218' title='bbox 2259 2342 2502 2424; x_wconf 80' lang='lat' dir='ltr'>verbis</span> <span class='ocrx_word' id='word_1_219' title='bbox 2527 2346 2753 2450; x_wconf 79' lang='lat' dir='ltr'>legis?</span> <span class='ocrx_word' id='word_1_220' title='bbox 2779 2348 2910 2426; x_wconf 89' lang='lat' dir='ltr'>An</span> <span class='ocrx_word' id='word_1_221' title='bbox 2939 2345 3434 2448; x_wconf 73' lang='lat' dir='ltr'>quiremalie-</span> 
     </span>
     <span class='ocr_line' id='line_1_22' title="bbox 607 2447 3436 2554; baseline -0.002 -21"><span class='ocrx_word' id='word_1_222' title='bbox 607 2549 611 2554; x_wconf 34' lang='grc'>,</span> <span class='ocrx_word' id='word_1_223' title='bbox 710 2479 881 2533; x_wconf 88' lang='lat' dir='ltr'>nam</span> <span class='ocrx_word' id='word_1_224' title='bbox 912 2453 1105 2528; x_wconf 87' lang='lat' dir='ltr'>bona</span> <span class='ocrx_word' id='word_1_225' title='bbox 1132 2448 1281 2526; x_wconf 88' lang='lat' dir='ltr'>fide</span> <span class='ocrx_word' id='word_1_226' title='bbox 1294 2501 1323 2540; x_wconf 66' lang='lat'><em>2</em></span> <span class='ocrx_word' id='word_1_227' title='bbox 1340 2471 1418 2523; x_wconf 90' lang='lat' dir='ltr'>et</span> <span class='ocrx_word' id='word_1_228' title='bbox 1442 2471 1538 2526; x_wconf 90' lang='lat' dir='ltr'>ex</span> <span class='ocrx_word' id='word_1_229' title='bbox 1566 2449 1751 2528; x_wconf 87' lang='lat' dir='ltr'>iusta</span> <span class='ocrx_word' id='word_1_230' title='bbox 1774 2447 1998 2526; x_wconf 68' lang='lat' dir='ltr'>causta</span> <span class='ocrx_word' id='word_1_231' title='bbox 2025 2447 2360 2530; x_wconf 80' lang='lat' dir='ltr'>traditam</span> <span class='ocrx_word' id='word_1_232' title='bbox 2409 2450 2728 2554; x_wconf 76' lang='lat' dir='ltr'>aceepit,</span> <span class='ocrx_word' id='word_1_233' title='bbox 2761 2448 2982 2526; x_wconf 86' lang='lat' dir='ltr'>etiam</span> <span class='ocrx_word' id='word_1_234' title='bbox 3009 2447 3203 2526; x_wconf 76' lang='lat' dir='ltr'>cons</span> <span class='ocrx_word' id='word_1_235' title='bbox 3287 2473 3436 2526; x_wconf 84' lang='lat' dir='ltr'>uu-</span> 
     </span>
     <span class='ocr_line' id='line_1_23' title="bbox 710 2537 3554 2654; baseline -0.001 -22"><span class='ocrx_word' id='word_1_236' title='bbox 710 2575 833 2634; x_wconf 89' lang='lat' dir='ltr'>tus</span> <span class='ocrx_word' id='word_1_237' title='bbox 857 2554 963 2637; x_wconf 85' lang='lat' dir='ltr'>est</span> <span class='ocrx_word' id='word_1_238' title='bbox 990 2549 1359 2632; x_wconf 84' lang='lat' dir='ltr'>eiusmodi</span> <span class='ocrx_word' id='word_1_239' title='bbox 1387 2549 1607 2626; x_wconf 85' lang='lat' dir='ltr'>insin</span> <span class='ocrx_word' id='word_1_240' title='bbox 1636 2575 1752 2644; x_wconf 87' lang='lat' dir='ltr'>re,</span> <span class='ocrx_word' id='word_1_241' title='bbox 1804 2549 2016 2651; x_wconf 91' lang='lat' dir='ltr'>quod</span> <span class='ocrx_word' id='word_1_242' title='bbox 2057 2575 2154 2626; x_wconf 87' lang='lat' dir='ltr'>ne</span> <span class='ocrx_word' id='word_1_243' title='bbox 2195 2551 2390 2630; x_wconf 85' lang='lat' dir='ltr'>inter</span> <span class='ocrx_word' id='word_1_244' title='bbox 2467 2561 2477 2570; x_wconf 91' lang='grc'><strong>’</strong></span> <span class='ocrx_word' id='word_1_245' title='bbox 2527 2570 2602 2628; x_wconf 86' lang='lat' dir='ltr'>ta</span> <span class='ocrx_word' id='word_1_246' title='bbox 2651 2537 2962 2654; x_wconf 78' lang='lat' dir='ltr'>quidem</span> <span class='ocrx_word' id='word_1_247' title='bbox 2992 2549 3198 2654; x_wconf 68' lang='lat' dir='ltr'>poste</span> <span class='ocrx_word' id='word_1_248' title='bbox 3251 2575 3434 2628; x_wconf 73' lang='lat' dir='ltr'>ione</span> <span class='ocrx_word' id='word_1_249' title='bbox 3547 2609 3554 2639; x_wconf 91' lang='lat'><strong>,</strong></span> 
     </span>
     <span class='ocr_line' id='line_1_24' title="bbox 650 2650 3435 2757; baseline -0.002 -21"><span class='ocrx_word' id='word_1_250' title='bbox 650 2657 665 2674; x_wconf 79' lang='grc'><em>“</em></span> <span class='ocrx_word' id='word_1_251' title='bbox 708 2651 1065 2757; x_wconf 77' lang='lat' dir='ltr'>exspirat?</span> <span class='ocrx_word' id='word_1_252' title='bbox 1114 2653 1293 2730; x_wconf 91' lang='lat' dir='ltr'>Hoc</span> <span class='ocrx_word' id='word_1_253' title='bbox 1321 2675 1462 2728; x_wconf 89' lang='lat' dir='ltr'>nec</span> <span class='ocrx_word' id='word_1_254' title='bbox 1485 2650 1802 2745; x_wconf 85' lang='lat' dir='ltr'>vindex,</span> <span class='ocrx_word' id='word_1_255' title='bbox 1850 2651 2188 2752; x_wconf 83' lang='lat' dir='ltr'>necquis</span> <span class='ocrx_word' id='word_1_256' title='bbox 2247 2677 2416 2730; x_wconf 83' lang='lat' dir='ltr'>uam</span> <span class='ocrx_word' id='word_1_257' title='bbox 2505 2653 2660 2746; x_wconf 74' lang='lat' dir='ltr'>ina,</span> <span class='ocrx_word' id='word_1_258' title='bbox 2707 2652 2830 2730; x_wconf 84' lang='lat' dir='ltr'>cui</span> <span class='ocrx_word' id='word_1_259' title='bbox 2861 2652 3243 2730; x_wconf 78' lang='lat' dir='ltr'>cerebrum</span> <span class='ocrx_word' id='word_1_260' title='bbox 3275 2653 3435 2746; x_wconf 84' lang='lat' dir='ltr'>est,</span> 
     </span>
     <span class='ocr_line' id='line_1_25' title="bbox 710 2750 3433 2858; baseline -0.002 -21"><span class='ocrx_word' id='word_1_261' title='bbox 710 2757 1039 2840; x_wconf 66' lang='lat' dir='ltr'>dixerit„</span> <span class='ocrx_word' id='word_1_262' title='bbox 1150 2750 1377 2830; x_wconf 88' lang='lat' dir='ltr'>Vnde</span> <span class='ocrx_word' id='word_1_263' title='bbox 1410 2757 1613 2830; x_wconf 88' lang='lat' dir='ltr'>enim</span> <span class='ocrx_word' id='word_1_264' title='bbox 1636 2751 1821 2833; x_wconf 85' lang='lat' dir='ltr'>illud</span> <span class='ocrx_word' id='word_1_265' title='bbox 1854 2753 2104 2832; x_wconf 64' lang='lat' dir='ltr'>metus</span> <span class='ocrx_word' id='word_1_266' title='bbox 2147 2779 2190 2830; x_wconf 90' lang='lat' dir='ltr'>e</span> <span class='ocrx_word' id='word_1_267' title='bbox 2243 2775 2358 2848; x_wconf 84' lang='lat' dir='ltr'>et,</span> <span class='ocrx_word' id='word_1_268' title='bbox 2411 2777 2648 2858; x_wconf 89' lang='lat' dir='ltr'>quum</span> <span class='ocrx_word' id='word_1_269' title='bbox 2691 2755 2792 2846; x_wconf 85' lang='lat' dir='ltr'>is,</span> <span class='ocrx_word' id='word_1_270' title='bbox 2843 2779 2882 2830; x_wconf 84' lang='lat' dir='ltr'>a</span> <span class='ocrx_word' id='word_1_271' title='bbox 2917 2777 3080 2856; x_wconf 90' lang='lat' dir='ltr'>quo</span> <span class='ocrx_word' id='word_1_272' title='bbox 3123 2753 3433 2832; x_wconf 76' lang='lat' dir='ltr'>cauffim</span> 
     </span>
     <span class='ocr_line' id='line_1_26' title="bbox 708 2852 3436 2960; baseline -0.002 -20"><span class='ocrx_word' id='word_1_273' title='bbox 708 2857 967 2940; x_wconf 87' lang='lat' dir='ltr'>habuit</span> <span class='ocrx_word' id='word_1_274' title='bbox 980 2911 1006 2950; x_wconf 83' lang='lat'><em>,</em></span> <span class='ocrx_word' id='word_1_275' title='bbox 1056 2852 1207 2959; x_wconf 89' lang='lat' dir='ltr'>ipse</span> <span class='ocrx_word' id='word_1_276' title='bbox 1236 2854 1333 2930; x_wconf 86' lang='lat' dir='ltr'>de</span> <span class='ocrx_word' id='word_1_277' title='bbox 1356 2853 1483 2930; x_wconf 88' lang='lat' dir='ltr'>tali</span> <span class='ocrx_word' id='word_1_278' title='bbox 1522 2855 1685 2932; x_wconf 85' lang='lat' dir='ltr'>iure</span> <span class='ocrx_word' id='word_1_279' title='bbox 1722 2852 2012 2958; x_wconf 84' lang='lat' dir='ltr'>gloriari</span> <span class='ocrx_word' id='word_1_280' title='bbox 2049 2877 2204 2932; x_wconf 91' lang='lat' dir='ltr'>non</span> <span class='ocrx_word' id='word_1_281' title='bbox 2256 2857 2630 2959; x_wconf 79' lang='lat' dir='ltr'>potuerit?</span> <span class='ocrx_word' id='word_1_282' title='bbox 2695 2855 2772 2936; x_wconf 89' lang='lat' dir='ltr'>Si</span> <span class='ocrx_word' id='word_1_283' title='bbox 2804 2881 2986 2932; x_wconf 85' lang='lat' dir='ltr'>vero</span> <span class='ocrx_word' id='word_1_284' title='bbox 3029 2856 3218 2934; x_wconf 86' lang='lat' dir='ltr'>ratio</span> <span class='ocrx_word' id='word_1_285' title='bbox 3248 2855 3436 2960; x_wconf 83' lang='lat' dir='ltr'>legis</span> 
     </span>
     <span class='ocr_line' id='line_1_27' title="bbox 711 2953 3436 3061; baseline -0.001 -23"><span class='ocrx_word' id='word_1_286' title='bbox 711 2957 899 3038; x_wconf 86' lang='lat' dir='ltr'>casui</span> <span class='ocrx_word' id='word_1_287' title='bbox 922 2954 1103 3036; x_wconf 87' lang='lat' dir='ltr'>huic</span> <span class='ocrx_word' id='word_1_288' title='bbox 1132 2953 1515 3060; x_wconf 80' lang='lat' dir='ltr'>propofito</span> <span class='ocrx_word' id='word_1_289' title='bbox 1544 2981 1710 3034; x_wconf 85' lang='lat' dir='ltr'>non</span> <span class='ocrx_word' id='word_1_290' title='bbox 1736 2956 2082 3059; x_wconf 80' lang='lat' dir='ltr'>quadrat,</span> <span class='ocrx_word' id='word_1_291' title='bbox 2129 2982 2290 3059; x_wconf 89' lang='lat' dir='ltr'>quo</span> <span class='ocrx_word' id='word_1_292' title='bbox 2319 2958 2573 3034; x_wconf 85' lang='lat' dir='ltr'>colore</span> <span class='ocrx_word' id='word_1_293' title='bbox 2599 2957 2744 3036; x_wconf 85' lang='lat' dir='ltr'>dici</span> <span class='ocrx_word' id='word_1_294' title='bbox 2772 2958 3044 3061; x_wconf 81' lang='lat' dir='ltr'>potest,</span> <span class='ocrx_word' id='word_1_295' title='bbox 3061 2957 3436 3036; x_wconf 68' lang='lat' dir='ltr'>necionem</span> 
     </span>
     <span class='ocr_line' id='line_1_28' title="bbox 706 3057 3436 3163; baseline -0.001 -21"><span class='ocrx_word' id='word_1_296' title='bbox 706 3060 1196 3142; x_wconf 86' lang='lat' dir='ltr'>Publicianam</span> <span class='ocrx_word' id='word_1_297' title='bbox 1226 3081 1361 3162; x_wconf 90' lang='lat' dir='ltr'>per</span> <span class='ocrx_word' id='word_1_298' title='bbox 1390 3058 2074 3163; x_wconf 80' lang='lat' dir='ltr'>interpretationem</span> <span class='ocrx_word' id='word_1_299' title='bbox 2105 3057 2554 3138; x_wconf 85' lang='lat' dir='ltr'>extenfiuam</span> <span class='ocrx_word' id='word_1_300' title='bbox 2577 3058 2776 3138; x_wconf 85' lang='lat' dir='ltr'>illius</span> <span class='ocrx_word' id='word_1_301' title='bbox 2813 3057 2995 3162; x_wconf 82' lang='lat' dir='ltr'>legis</span> <span class='ocrx_word' id='word_1_302' title='bbox 3021 3058 3120 3135; x_wconf 91' lang='lat' dir='ltr'>de</span> <span class='ocrx_word' id='word_1_303' title='bbox 3141 3060 3248 3138; x_wconf 87' lang='lat' dir='ltr'>rei</span> <span class='ocrx_word' id='word_1_304' title='bbox 3264 3059 3436 3138; x_wconf 86' lang='lat' dir='ltr'>vin-</span> 
     </span>
     <span class='ocr_line' id='line_1_29' title="bbox 708 3158 3436 3277; baseline 0 -38"><span class='ocrx_word' id='word_1_305' title='bbox 708 3159 1073 3240; x_wconf 75' lang='lat' dir='ltr'>dioetione</span> <span class='ocrx_word' id='word_1_306' title='bbox 1107 3159 1244 3236; x_wconf 82' lang='lat' dir='ltr'>effe</span> <span class='ocrx_word' id='word_1_307' title='bbox 1266 3179 1622 3244; x_wconf 84' lang='lat' dir='ltr'>exortam.</span> <span class='ocrx_word' id='word_1_308' title='bbox 1670 3197 1685 3218; x_wconf 80' lang='lat'>.·</span> <span class='ocrx_word' id='word_1_309' title='bbox 1720 3163 1994 3263; x_wconf 88' lang='lat' dir='ltr'>Aeque</span> <span class='ocrx_word' id='word_1_310' title='bbox 2019 3158 2316 3242; x_wconf 84' lang='lat' dir='ltr'>absurda</span> <span class='ocrx_word' id='word_1_311' title='bbox 2345 3161 2454 3238; x_wconf 74' lang='lat' dir='ltr'>est</span> <span class='ocrx_word' id='word_1_312' title='bbox 2477 3161 2991 3277; x_wconf 67' lang='lat' dir='ltr'>interpretatio⁴</span> <span class='ocrx_word' id='word_1_313' title='bbox 3009 3161 3436 3257; x_wconf 54' lang='lat' dir='ltr'>restrium,</span> 
     </span>
     <span class='ocr_line' id='line_1_30' title="bbox 708 3257 3434 3371; baseline 0 -29"><span class='ocrx_word' id='word_1_314' title='bbox 708 3287 805 3342; x_wconf 83' lang='lat' dir='ltr'>ex</span> <span class='ocrx_word' id='word_1_315' title='bbox 832 3287 975 3365; x_wconf 84' lang='lat' dir='ltr'>qua</span> <span class='ocrx_word' id='word_1_316' title='bbox 1006 3257 1471 3338; x_wconf 79' lang='lat' dir='ltr'>resciss‘oriam</span> <span class='ocrx_word' id='word_1_317' title='bbox 1499 3259 1712 3364; x_wconf 85' lang='lat' dir='ltr'>fingit</span> <span class='ocrx_word' id='word_1_318' title='bbox 1736 3269 2000 3342; x_wconf 78' lang='lat' dir='ltr'>natam.</span> <span class='ocrx_word' id='word_1_319' title='bbox 2141 3263 2306 3342; x_wconf 85' lang='lat' dir='ltr'>Lex</span> <span class='ocrx_word' id='word_1_320' title='bbox 2333 3263 2472 3340; x_wconf 87' lang='lat' dir='ltr'>est:</span> <span class='ocrx_word' id='word_1_321' title='bbox 2535 3267 2694 3371; x_wconf 59' lang='grc' dir='ltr'>,ρῳ</span> <span class='ocrx_word' id='word_1_322' title='bbox 2725 3279 2882 3342; x_wconf 76' lang='lat' dir='ltr'>rem</span> <span class='ocrx_word' id='word_1_323' title='bbox 2924 3289 3062 3342; x_wconf 86' lang='lat' dir='ltr'>non</span> <span class='ocrx_word' id='word_1_324' title='bbox 3097 3263 3434 3363; x_wconf 76' lang='lat' dir='ltr'>vitiosam</span> 
     </span>
     <span class='ocr_line' id='line_1_31' title="bbox 704 3359 3434 3466; baseline -0 -23"><span class='ocrx_word' id='word_1_325' title='bbox 704 3365 884 3448; x_wconf 80' lang='lat' dir='ltr'>bona</span> <span class='ocrx_word' id='word_1_326' title='bbox 890 3361 1083 3466; x_wconf 82' lang='lat' dir='ltr'>fide,</span> <span class='ocrx_word' id='word_1_327' title='bbox 1130 3360 1301 3457; x_wconf 87' lang='lat' dir='ltr'>iusto</span> <span class='ocrx_word' id='word_1_328' title='bbox 1331 3361 1543 3440; x_wconf 80' lang='lat' dir='ltr'>titulo</span> <span class='ocrx_word' id='word_1_329' title='bbox 1562 3385 1703 3464; x_wconf 84' lang='lat' dir='ltr'>per</span> <span class='ocrx_word' id='word_1_330' title='bbox 1728 3385 1996 3465; x_wconf 78' lang='lat' dir='ltr'>tempus</span> <span class='ocrx_word' id='word_1_331' title='bbox 2015 3365 2176 3466; x_wconf 86' lang='lat' dir='ltr'>lege</span> <span class='ocrx_word' id='word_1_332' title='bbox 2192 3365 2566 3466; x_wconf 64' lang='lat' dir='ltr'>,definitum</span> <span class='ocrx_word' id='word_1_333' title='bbox 2591 3367 2914 3444; x_wconf 71' lang='lat' dir='ltr'>continuo</span> <span class='ocrx_word' id='word_1_334' title='bbox 2927 3359 3242 3466; x_wconf 75' lang='lat' dir='ltr'>poffidit,</span> <span class='ocrx_word' id='word_1_335' title='bbox 3257 3363 3434 3464; x_wconf 74' lang='lat' dir='ltr'>vsia-</span> 
     </span>
     <span class='ocr_line' id='line_1_32' title="bbox 708 3461 3434 3570; baseline -0.001 -24"><span class='ocrx_word' id='word_1_336' title='bbox 708 3466 993 3570; x_wconf 78' lang='lat' dir='ltr'>capione</span> <span class='ocrx_word' id='word_1_337' title='bbox 1016 3461 1401 3542; x_wconf 83' lang='lat' dir='ltr'>dominium</span> <span class='ocrx_word' id='word_1_338' title='bbox 1426 3463 1863 3561; x_wconf 67' lang='lat' dir='ltr'>nanctffitor.</span> <span class='ocrx_word' id='word_1_339' title='bbox 1921 3467 2316 3546; x_wconf 87' lang='lat' dir='ltr'>Rationem</span> <span class='ocrx_word' id='word_1_340' title='bbox 2343 3466 2412 3542; x_wconf 90' lang='lat' dir='ltr'>le</span> <span class='ocrx_word' id='word_1_341' title='bbox 2462 3468 2524 3545; x_wconf 92' lang='lat' dir='ltr'>is</span> <span class='ocrx_word' id='word_1_342' title='bbox 2535 3467 2954 3546; x_wconf 81' lang='lat' dir='ltr'>alterutram</span> <span class='ocrx_word' id='word_1_343' title='bbox 2967 3465 3176 3546; x_wconf 79' lang='lat' dir='ltr'>fuifl&#39;e</span> <span class='ocrx_word' id='word_1_344' title='bbox 3199 3491 3434 3570; x_wconf 83' lang='lat' dir='ltr'>opor-</span> 
     </span>
     <span class='ocr_line' id='line_1_33' title="bbox 710 3561 3438 3673; baseline 0 -27"><span class='ocrx_word' id='word_1_345' title='bbox 710 3588 858 3664; x_wconf 85' lang='lat' dir='ltr'>tet,</span> <span class='ocrx_word' id='word_1_346' title='bbox 911 3565 1027 3646; x_wconf 84' lang='lat' dir='ltr'>vel</span> <span class='ocrx_word' id='word_1_347' title='bbox 1058 3583 1141 3642; x_wconf 89' lang='lat' dir='ltr'>vt</span> <span class='ocrx_word' id='word_1_348' title='bbox 1173 3561 1480 3643; x_wconf 88' lang='lat' dir='ltr'>demum</span> <span class='ocrx_word' id='word_1_349' title='bbox 1507 3564 1671 3644; x_wconf 88' lang='lat' dir='ltr'>finis</span> <span class='ocrx_word' id='word_1_350' title='bbox 1702 3565 1875 3644; x_wconf 86' lang='lat' dir='ltr'>effet</span> <span class='ocrx_word' id='word_1_351' title='bbox 1899 3568 2145 3648; x_wconf 86' lang='lat' dir='ltr'>litium</span> <span class='ocrx_word' id='word_1_352' title='bbox 2174 3588 2252 3647; x_wconf 82' lang='lat' dir='ltr'>et</span> <span class='ocrx_word' id='word_1_353' title='bbox 2286 3566 2793 3650; x_wconf 85' lang='lat' dir='ltr'>solhcitudinis</span> <span class='ocrx_word' id='word_1_354' title='bbox 2807 3621 2831 3661; x_wconf 87' lang='lat'><strong><em>,</em></strong></span> <span class='ocrx_word' id='word_1_355' title='bbox 2860 3568 3008 3646; x_wconf 67' lang='lat' dir='ltr'>‘vel</span> <span class='ocrx_word' id='word_1_356' title='bbox 3078 3569 3201 3646; x_wconf 90' lang='lat' dir='ltr'>uia</span> <span class='ocrx_word' id='word_1_357' title='bbox 3219 3593 3438 3673; x_wconf 88' lang='lat' dir='ltr'>prae-</span> 
     </span>
     <span class='ocr_line' id='line_1_34' title="bbox 705 3663 3432 3774; baseline 0.002 -27"><span class='ocrx_word' id='word_1_358' title='bbox 705 3667 1115 3752; x_wconf 88' lang='lat' dir='ltr'>sumserunt</span> <span class='ocrx_word' id='word_1_359' title='bbox 1140 3664 1333 3768; x_wconf 84' lang='lat' dir='ltr'>leges</span> <span class='ocrx_word' id='word_1_360' title='bbox 1348 3717 1373 3759; x_wconf 89' lang='lat'>,</span> <span class='ocrx_word' id='word_1_361' title='bbox 1416 3663 1815 3770; x_wconf 51' lang='lat' dir='ltr'>dominu*</span> <span class='ocrx_word' id='word_1_362' title='bbox 1859 3695 2033 3747; x_wconf 89' lang='lat' dir='ltr'>rem.</span> <span class='ocrx_word' id='word_1_363' title='bbox 2053 3668 2253 3748; x_wconf 87' lang='lat' dir='ltr'>suam</span> <span class='ocrx_word' id='word_1_364' title='bbox 2281 3695 2427 3774; x_wconf 86' lang='lat' dir='ltr'>pro</span> <span class='ocrx_word' id='word_1_365' title='bbox 2450 3669 2788 3766; x_wconf 69' lang='lat' dir='ltr'>derelicsta</span> <span class='ocrx_word' id='word_1_366' title='bbox 2821 3668 3044 3754; x_wconf 79' lang='lat' dir='ltr'>habui</span> <span class='ocrx_word' id='word_1_367' title='bbox 3095 3695 3163 3766; x_wconf 84' lang='lat' dir='ltr'>e,</span> <span class='ocrx_word' id='word_1_368' title='bbox 3195 3691 3432 3774; x_wconf 78' lang='lat' dir='ltr'>quam</span> 
     </span>
     <span class='ocr_line' id='line_1_35' title="bbox 706 3767 3430 3878; baseline 0.001 -30"><span class='ocrx_word' id='word_1_369' title='bbox 706 3789 917 3848; x_wconf 86' lang='lat' dir='ltr'>tanto</span> <span class='ocrx_word' id='word_1_370' title='bbox 950 3789 1293 3871; x_wconf 87' lang='lat' dir='ltr'>tempore</span> <span class='ocrx_word' id='word_1_371' title='bbox 1320 3791 1477 3846; x_wconf 90' lang='lat' dir='ltr'>non</span> <span class='ocrx_word' id='word_1_372' title='bbox 1518 3767 1925 3849; x_wconf 85' lang='lat' dir='ltr'>vindicarit.</span> <span class='ocrx_word' id='word_1_373' title='bbox 1996 3773 2150 3848; x_wconf 87' lang='lat' dir='ltr'>Iam</span> <span class='ocrx_word' id='word_1_374' title='bbox 2169 3793 2404 3850; x_wconf 83' lang='lat' dir='ltr'>vtram</span> <span class='ocrx_word' id='word_1_375' title='bbox 2437 3773 2738 3878; x_wconf 86' lang='lat' dir='ltr'>elegeris</span> <span class='ocrx_word' id='word_1_376' title='bbox 2763 3771 3156 3868; x_wconf 83' lang='lat' dir='ltr'>rationem,</span> <span class='ocrx_word' id='word_1_377' title='bbox 3205 3772 3430 3852; x_wconf 85' lang='lat' dir='ltr'>nullis</span> 
     </span>
     <span class='ocr_line' id='line_1_36' title="bbox 621 3867 3430 4048; baseline 0.001 -102"><span class='ocrx_word' id='word_1_378' title='bbox 621 3966 630 3977; x_wconf 94' lang='lat'><em>.</em></span> <span class='ocrx_word' id='word_1_379' title='bbox 702 3869 1040 4048; x_wconf 53' lang='lat' dir='ltr'>Erofesto</span> <span class='ocrx_word' id='word_1_380' title='bbox 1064 3867 1377 3946; x_wconf 86' lang='lat' dir='ltr'>fidiculis</span> <span class='ocrx_word' id='word_1_381' title='bbox 1406 3873 1887 3978; x_wconf 80' lang='lat' dir='ltr'>extorquebis</span> <span class='ocrx_word' id='word_1_382' title='bbox 1930 3873 2622 3978; x_wconf 83' lang='lat' dir='ltr'>interpretationem</span> <span class='ocrx_word' id='word_1_383' title='bbox 2653 3873 3126 3959; x_wconf 70' lang='lat' dir='ltr'>restriffiuam</span> <span class='ocrx_word' id='word_1_384' title='bbox 3141 3930 3166 3971; x_wconf 93' lang='lat'>,</span> <span class='ocrx_word' id='word_1_385' title='bbox 3201 3874 3430 3953; x_wconf 77' lang='lat' dir='ltr'>&#39;hanc</span> 
     </span>
    </p>

    <p class='ocr_par' dir='ltr' id='par_1_13' title="bbox 700 3968 3528 4361">
     <span class='ocr_line' id='line_1_37' title="bbox 774 3968 3436 4082; baseline 0.003 -35"><span class='ocrx_word' id='word_1_386' title='bbox 774 3995 943 4075; x_wconf 77' lang='lat' dir='ltr'>gem</span> <span class='ocrx_word' id='word_1_387' title='bbox 972 3968 1061 4046; x_wconf 87' lang='lat' dir='ltr'>ad</span> <span class='ocrx_word' id='word_1_388' title='bbox 1106 3969 1429 4050; x_wconf 88' lang='lat' dir='ltr'>absentes</span> <span class='ocrx_word' id='word_1_389' title='bbox 1443 4026 1469 4067; x_wconf 88' lang='lat'><strong><em>,</em></strong></span> <span class='ocrx_word' id='word_1_390' title='bbox 1526 3973 1661 4080; x_wconf 87' lang='lat' dir='ltr'>qui</span> <span class='ocrx_word' id='word_1_391' title='bbox 1702 3975 1823 4053; x_wconf 88' lang='lat' dir='ltr'>vel</span> <span class='ocrx_word' id='word_1_392' title='bbox 1872 3973 2372 4082; x_wconf 80' lang='lat' dir='ltr'>vsuceperint‚</span> <span class='ocrx_word' id='word_1_393' title='bbox 2423 3976 2546 4055; x_wconf 88' lang='lat' dir='ltr'>vel</span> <span class='ocrx_word' id='word_1_394' title='bbox 2591 3976 2772 4055; x_wconf 87' lang='lat' dir='ltr'>alios</span> <span class='ocrx_word' id='word_1_395' title='bbox 2814 3973 3204 4080; x_wconf 83' lang='lat' dir='ltr'>vsucapere</span> <span class='ocrx_word' id='word_1_396' title='bbox 3243 3975 3436 4080; x_wconf 77' lang='lat' dir='ltr'>paffi&#39;</span> 
     </span>
     <span class='ocr_line' id='line_1_38' title="bbox 704 4071 3435 4176; baseline 0.001 -26"><span class='ocrx_word' id='word_1_397' title='bbox 704 4071 879 4165; x_wconf 80' lang='lat' dir='ltr'>smt,</span> <span class='ocrx_word' id='word_1_398' title='bbox 928 4095 1086 4149; x_wconf 89' lang='lat' dir='ltr'>non</span> <span class='ocrx_word' id='word_1_399' title='bbox 1112 4073 1503 4174; x_wconf 86' lang='lat' dir='ltr'>pertinere.</span> <span class='ocrx_word' id='word_1_400' title='bbox 1598 4079 1911 4158; x_wconf 88' lang='lat' dir='ltr'>Interest</span> <span class='ocrx_word' id='word_1_401' title='bbox 1943 4105 2141 4175; x_wconf 83' lang='lat' dir='ltr'>mea,</span> <span class='ocrx_word' id='word_1_402' title='bbox 2190 4076 2608 4158; x_wconf 89' lang='lat' dir='ltr'>dominium</span> <span class='ocrx_word' id='word_1_403' title='bbox 2636 4103 2886 4176; x_wconf 83' lang='lat' dir='ltr'>rerum</span> <span class='ocrx_word' id='word_1_404' title='bbox 2923 4099 3258 4156; x_wconf 87' lang='lat' dir='ltr'>mearum</span> <span class='ocrx_word' id='word_1_405' title='bbox 3297 4075 3435 4159; x_wconf 67' lang='lat' dir='ltr'>ali-2</span> 
     </span>
     <span class='ocr_line' id='line_1_39' title="bbox 700 4171 3528 4361; baseline 0.006 -107"><span class='ocrx_word' id='word_1_406' title='bbox 700 4171 1001 4279; x_wconf 75' lang='lat' dir='ltr'>quando</span> <span class='ocrx_word' id='word_1_407' title='bbox 1030 4195 1319 4286; x_wconf 76' lang='lat' dir='ltr'>certum</span> <span class='ocrx_word' id='word_1_408' title='bbox 1334 4173 1535 4271; x_wconf 81' lang='lat' dir='ltr'>fieri,</span> <span class='ocrx_word' id='word_1_409' title='bbox 1576 4175 1729 4262; x_wconf 79' lang='lat' dir='ltr'>flue</span> <span class='ocrx_word' id='word_1_410' title='bbox 1772 4179 2026 4271; x_wconf 75' lang='lat' dir='ltr'>absens</span> <span class='ocrx_word' id='word_1_411' title='bbox 2064 4181 2150 4264; x_wconf 84' lang='lat' dir='ltr'>fit</span> <span class='ocrx_word' id='word_1_412' title='bbox 2191 4179 2639 4270; x_wconf 64' lang='lat' dir='ltr'>aduersarius</span> <span class='ocrx_word' id='word_1_413' title='bbox 2678 4205 2896 4268; x_wconf 76' lang='lat' dir='ltr'>meus</span> <span class='ocrx_word' id='word_1_414' title='bbox 2909 4231 2936 4275; x_wconf 69' lang='lat'><em>2</em></span> <span class='ocrx_word' id='word_1_415' title='bbox 3001 4177 3156 4268; x_wconf 76' lang='lat' dir='ltr'>fiue</span> <span class='ocrx_word' id='word_1_416' title='bbox 3203 4204 3427 4361; x_wconf 44' lang='lat' dir='ltr'>pil-‘aee</span> <span class='ocrx_word' id='word_1_417' title='bbox 3523 4233 3528 4238; x_wconf 87' lang='lat'><strong>·</strong></span> 
     </span>
    </p>

    <p class='ocr_par' dir='ltr' id='par_1_14' title="bbox 990 4297 3418 4363">
     <span class='ocr_line' id='line_1_40' title="bbox 990 4297 3418 4363; baseline 0.004 -55"><span class='ocrx_word' id='word_1_418' title='bbox 990 4297 1003 4307; x_wconf 94' lang='lat'>.</span> <span class='ocrx_word' id='word_1_419' title='bbox 1414 4341 1421 4348; x_wconf 85' lang='lat'><em>.</em></span> <span class='ocrx_word' id='word_1_420' title='bbox 1818 4309 1823 4314; x_wconf 84' lang='grc'>,</span> <span class='ocrx_word' id='word_1_421' title='bbox 2105 4319 2116 4335; x_wconf 56' lang='grc'><em>,</em></span> <span class='ocrx_word' id='word_1_422' title='bbox 2678 4309 2686 4316; x_wconf 92' lang='grc'><strong><em>,</em></strong></span> <span class='ocrx_word' id='word_1_423' title='bbox 3283 4303 3418 4363; x_wconf 66' lang='lat' dir='ltr'>ens</span> 
     </span>
    </p>
   </div>
   <div class='ocr_carea' id='block_1_12' title="bbox 2768 4778 3534 4796">
    <p class='ocr_par' dir='ltr' id='par_1_15' title="bbox 2768 4778 3534 4796">
     <span class='ocr_line' id='line_1_41' title="bbox 2768 4778 3534 4796; baseline 0 0"><span class='ocrx_word' id='word_1_424' title='bbox 2768 4778 3534 4796; x_wconf 95' lang='lat' dir='ltr'> </span> 
     </span>
    </p>
   </div>
  </div>
 </body>
</html>
