3825 4800
660 326 771 402 ηε
910 304 1428 393 HISTORIA
1482 267 3108 402 E'n1cT0Rvm;,ffr;Em‘c,-r1.pm;
3203 335 3216 381 :

666 498 881 610 quod
904 498 1137 577 maius
1164 494 1285 573 exi
1334 519 1453 571 ere
1486 492 1891 599 imperium
1927 492 2335 589 videretur,
2383 518 2467 571 ea
2497 492 2879 598 prouincia
2907 516 3216 572 cowsvm
3245 488 3378 569 de-

548 606 553 611 ’
670 622 1111 685 cerneretur.
1378 621 1583 701 oque
1606 596 2039 713 prouinciae
2063 594 2238 673 aliae
2265 595 2702 697 consulares,
2761 596 2937 675 aliae
2961 595 3382 701 praetoriqe

674 708 817 789 effe
852 720 1298 807 coeperunt,
1348 720 1577 805 prout
1602 698 1681 776 ld
1705 704 1818 775 r'es
1853 694 2274 803 postularet.
2369 699 2678 777 Interim
2715 694 2928 802 saepe
2973 694 3384 789 eueniebat,

673 833 761 890 vt
792 802 1215 885 consulibus
1247 822 1323 878 et
1420 800 1818 879 raet‘oribus
1834 856 1859 895 ,
1927 798 2114 877 bene
2157 824 2313 876 rem
2351 797 2772 907 gerentibus
2817 824 3047 876 annus
3095 796 3389 903 imperii

628 898 641 911 ’
671 912 941 1003 exiret,
989 926 1066 981 et
1092 905 1267 982 hinc
1290 928 1368 981 re
1399 904 1413 921 '
1468 904 1625 982 ioni
1656 901 1783 981 fibi
1818 901 2122 1001 duceret
2139 899 2484 995 SenatuS,
2531 926 2662 984 eos
2689 902 2772 980 in
2807 922 3004 979 tanta
3051 898 3176 1005 spe
3207 922 3386 1010 pro-

673 1010 995 1097 uinciam
1022 1004 1328 1113 pacandi
1354 1006 1669 1103 domum
1692 1010 2065 1083 reuocare.
2161 1004 2366 1083 Hinc
2392 1000 2604 1109 saepe
2627 998 2796 1109 ipsis
2821 1004 3258 1109 imperium,
3310 1021 3389 1078 et

672 1112 933 1196 exae‘to
960 1106 1336 1187 consulatu
1362 1108 1481 1186 vel
1510 1128 1841 1213 praetura
1866 1105 2414 1211 prorogabamr.
2505 1108 2692 1211 Qo
2728 1103 2921 1183 faiio
2971 1126 3400 1199 Pnocousvf

544 1290 551 1297 .
674 1244 831 1297 um
879 1211 1001 1291 vel
1046 1234 1633 1289 PROPRAETORVM
1688 1232 1972 1287 nomen
2009 1203 2418 1303 sumebant,
2489 1227 3022 1325 praeerantque
3036 1262 3061 1300 ,
3135 1202 3389 1307 quoad

668 1314 836 1425 ipsis
866 1338 963 1395 ex
992 1310 1297 1391 senatus
1339 1307 1643 1389 decreto
1681 1310 2208 1389 succederetur.
2305 1312 2403 1387 Et
2433 1310 2651 1387 initio
2679 1308 2984 1411 quidem
3016 1332 3244 1414 penes
3257 1308 3390 1385 Se-

674 1440 934 1499 natum
960 1416 1117 1492 eius
1142 1415 1251 1491 rei
1284 1434 1435 1491 erat
1461 1412 1839 1491 arbitrium
1852 1437 1877 1507 ,·
1927 1413 2062 1515 qui
2093 1410 2216 1489 vbi
2245 1408 2464 1487 fernel
2497 1410 2861 1505 statuisset,
2908 1412 3018 1509 inf
3060 1432 3385 1589 uaslpro-

673 1522 949 1601 uincias
982 1517 1065 1595 in
1096 1540 1269 1595 eum
1298 1538 1573 1595 annum
1599 1514 1720 1592 vel
1752 1512 2082 1591 consules
2094 1568 2122 1607 ,
2171 1512 2293 1589 vel
2315 1515 2692 1589 Praetores
2731 1511 2998 1595 mitten
3059 1513 3072 1526 ‘
3119 1537 3163 1587 e
3215 1532 3383 1606 ent,

676 1619 1009 1701 consules
1046 1619 1240 1695 inter
1266 1615 1339 1694 se
1383 1636 1795 1718 comparare
1949 1615 2220 1693 nimias
2229 1668 2255 1706 ,
2358 1613 2516 1691 uod
2543 1615 2742 1691 inter
2761 1613 2955 1692 duos
2978 1611 3190 1691 facile
3205 1634 3382 1708 erat,

736 1743 1050 1821 ractores
1056 1718 1324 1822 sor'tiri
1350 1716 1545 1796 iuffit
1552 1772 1577 1811 ,
1630 1738 1756 1795 aut
1832 1744 1857 1793 1
1901 1715 2098 1792 inter
2145 1740 2240 1791 co
2321 1715 2478 1817 ules
2513 1740 2672 1793 non
2714 1717 3182 1810 conueniret,
3227 1712 3389 1820 ipse

706 1831 824 1903 uo‘
840 1820 1121 1919 iudicio
1150 1819 1613 1914 nominabat,
1662 1842 1887 1920 quam
1916 1817 2240 1921 quisque
2266 1818 2546 1911 obiret,
2585 1817 3090 1922 prouinciam„
3167 1818 3389 1925 Qae

674 1927 923 2007 omnia
952 1920 1239 2015 idoneis
1279 1938 1615 1999 veterum
1656 1920 2096 1996 testimoniis
2139 1918 2464 1997 firmauit
2499 1922 2668 1999 Car.
2706 1920 3184 2023 Sigonius-de
3202 1922 3386 2011 -iure,

563 2111 586 2123 κ
802 2054 869 2107 »Α
914 2028 1110 2103 Rom.
1139 2028 1188 2101 I
1186 2029 1240 2120 l,
1276 2044 1328 2103 ι.
1424 2020 1571 2102 sed
1608 2023 1924 2099 mutatio
1951 2021 2314 2123 quaedam
2349 2023 2504 2098 eius
2535 2021 2844 2099 reifaosta
2883 2022 2991 2099 est
3037 2010 3228 2100 antio
3262 2045 3385 2099 vr-

591 2124 616 2181 ’·
727 2134 790 2210 ‘s
814 2125 1157 2207 conditae
1178 2147 1413 2203 noim.
1468 2120 1474 2127 ’
1510 2122 1725 2201 Tum
1750 2116 1952 2201 enim
1979 2124 2069 2201 L.
2095 2119 2228 2203 Cal
2285 2124 2540 2201 urnius
2584 2122 2750 2201 Piso
2791 2122 3186 2203 Tribunus
3207 2122 3386 2230 ple-

672 2236 785 2315 bis
814 2229 906 2310 ad
986 2227 1233 2304 lebem
1258 2225 1463 2318 tulit,
1513 2247 1599 2301 vt
1621 2228 2002 2302 Praetores
2029 2225 2110 2302 in
2146 2252 2198 2303 v
2369 2248 2534 2305 tum
2576 2224 3158 2320 iurisdistioneS,
3219 2244 3411 2304 tum.-

734 2332 1147 2411 uaestiones
1178 2326 1583 2432 exlegibus
1608 2326 1928 2431 publicis
1970 2322 2434 2422 sortirentur,
2479 2339 2760 2433 easque
2775 2352 2914 2434 per
2938 2346 3386 2408 anamma-

674 2435 1010 2544 gistratus
1028 2417 1148 2506 -sui
1174 2447 1640 2521 exercerent,
1680 2450 1936 2530 eoque
1981 2429 2240 2507 exasto
2285 2451 2450 2507 tum
2481 2429 2791 2510 demum
2830 2429 3035 2509 stum
3063 2432 3428 2534 qaisquq

764 2533 1139 2614 ouinoiam
1163 2550 1263 2606 ex
1287 2533 1434 2609 SC.
1462 2527 1873 2606 sortiretur}
1923 2531 2262 2630 quamuis
2276 2531 2824 2636 postea'C.Sem
2881 2535 3140 2610 tonius
3149 2535 3430 2610 Grac-³

674 2641 871 2718 chus·
886 2657 1083 2713 noua
1112 2633 1273 2735 lege
1290 2631 1409 2708 ius
1441 2623 1653 2708 suum
1676 2631 2090 2710 restitueret
2121 2634 2452 2728 Senatui,
2495 2655 2596 2711 et·
2625 2637 2714 2713 L.
2745 2637 2798 2713 S
2897 2656 2936 2712 a
2951 2687 2976 2724 ,
3039 2635 3358 2724 dictator
3363 2657 3426 2728 ,1

675 2741 757 2822 id
786 2735 1179 2830 adstruxit,
1228 2753 1351 2827 vt,
1394 2730 1664 2810 sublata
1704 2733 2228 2810 Tribunorum
2270 2735 2465 2838 pleb.
2492 2735 2860 2840 potestate
2902 2735 3166 2841 agendi
3209 2759 3421 2816 eum*

675 2839 968 2952 populo
982 2893 1005 2932 ,
1055 2838 1107 2916 ii
1138 2836 1273 2938 qui
1312 2837 1489 2916 Sco
1516 2833 1948 2940 accepiffent
1973 2835 2477 2940 prouinciam,
2527 2839 2922 2946 imperium
2955 2837 3240 2916 tamdiu
3271 2861 3390 2916 re-

676 2947 1000 3024 tinerent
1010 2993 1036 3034 ,
1086 2938 1335 3016 donec
1370 2938 1450 3016 in
1474 2936 1739 3017 vrbem
1766 2934 2218 3042 reuerttffi’nt
2261 2939 2730 3036 introiiss'ent,
2795 2941 3226 3046 prouinciae
3253 2939 3390 3046 ipsi

588 3101 601 3118 ,
678 3037 1070 3150 tantisper,
1118 3040 1303 3118 dum
1320 3039 1697 3118 success'or.
1706 3039 2160 3136 mitteretur,
2207 3037 2626 3144 praeeffent.
2723 3046 2983 3146 Itaque
3015 3043 3154 3146 qui-
3166 3040 3418 3120 semel-

673 3173 793 3228 eas
826 3145 1015 3224 naffl
1046 3163 1289 3238 emur,
1336 3143 1509 3249 post
1536 3141 1671 3228 ,illa
1721 3159 2059 3244 tempora
2095 3139 2512 3246 permultos
2553 3141 2765 3248 ssepe
2807 3169 3042 3224 annos
3087 3145 3170 3221 in
3209 3163 3394 3249 pro-

676 3248 915 3332 uineia
950 3244 1379 3339 haerebant,
1438 3265 1597 3322 non
1686 3241 1844 3346 uod
1939 3263 2366 3347 rorogatum
2399 3243 2490 3321 iis
2540 3243 2718 3322 effet
2749 3248 3152 3351 imperium
3165 3293 3191 3340 ,
3259 3245 3394 3324 sed

677 3349 891 3456 quod
916 3345 1272 3426 suoceflor
1294 3369 1453 3425 non
1478 3341 1613 3424 ade
1666 3365 1764 3422 et.
1943 3369 2124 3422 uum
2151 3367 2334 3424 vero
2371 3345 2702 3424 restituta
2759 3349 3120 3452 Tribunis
3159 3369 3386 3452 pote·

580 3475 589 3482 ·
674 3437 854 3532 state
866 3507 889 3548 ,
936 3449 1193 3528 denuo
1238 3447 1501 3556 populi
1530 3447 1705 3526 effet
1728 3447 2102 3528 arbitrium
2115 3502 2160 3545 ,.
2185 3469 2384 3552 quos
2417 3449 2814 3552 praeficere
2841 3450 3067 3529 vellet
3075 3451 3392 3556 prouin-

674 3557 803 3634 ciis
822 3610 845 3651 ‚
892 3551 1109 3658 saepe
1134 3571 1213 3629 et
1244 3571 1633 3656 prorogata
1654 3547 1821 3626 sunt
1850 3551 2200 3656 imperia,
2249 3569 2328 3628 et
2357 3549 2540 3657 ipfis.
2555 3553 2860 3657 priuatis
2885 3555 2966 3630 in
2999 3575 3426 3631 cei-tesam·
3475 3593 3480 3598 ·

593 3723 601 3733 .
671 3683 813 3736 nos
844 3655 1045 3750 data,
1090 3677 1236 3733 ceu
1257 3653 1631 3758 Pompeii,
1676 3649 1996 3731 Caesaris
2009 3706 2034 3746 ,
2081 3653 2364 3757 aliaque
2387 3675 2652 3732 eorum
2683 3675 3115 3762 temporum
3131 3675 3392 3732 exem-⁶

674 3758 793 3864 pla
828 3758 1123 3834 docent.
1218 3753 1471 3834 Multo
1508 3753 1734 3858 magis
1760 3777 1844 3830 ea
1873 3779 1988 3832 res
2013 3755 2399 3834 fluetuauit
2421 3756 2598 3861 post
2625 3757 2952 3837 Caesaris
2977 3755 3410 3856 viimam,

674 3860 923 3936 donec
947 3859 1323 3962 Augustus
1354 3855 1529 3936 curn
1556 3861 1827 3937 Senam
1860 3856 1963 3934 ita
2001 3854 2374 3936 diuideret
2451 3860 2810 3962 rouincias
2826 3857 2878 3957 ,'
2915 3881 3001 3938 vt
3036 3859 3218 3938 huic
3253 3883 3418 3964 pa·-

674 3983 862 4038 catas
888 3959 1371 4062 relinqueret,
1420 3959 1655 4039 veluti
1676 3957 2051 4055 Affioenr,
2104 3959 2548 4042 Numidiam
2561 4015 2587 4056 ,
2656 3960 2902 4042 Asiam
2915 4017 2940 4058 ,
2989 3962 3422 4042 Graeciam.

677 4063 791 4140 vel
826 4061 1216 4158 Achaiam,
1270 4064 1614 4166 Epirum,
1666 4061 2144 4159 Dalmatiam,
2192 4062 2750 4161 Macedoniam,
2797 4065 3112 4146 Siciliam
3131 4115 3156 4158 ‚
3219 4066 3416 4142 Sar--

670 4166 1008 4260 «finiam,-
1030 4163 1377 4260 Creoem,
1422 4161 1744 4272 Libyam
1765 4165 2994 4270 Cyrenaicamrssithyffiamem
3020 4171 3388 4352 ⁹⁰⁶1¹3ta⁰²5⁵
3529 4267 3536 4276 .

870 4347 878 4354 .
1169 4343 1182 4354 ,
2979 4297 2984 4302 ·
3255 4289 3394 4348 eti-
