3825 4800
672 404 811 505 ,σε
896 406 904 413 ·
1002 394 1521 477 HISTORIA
1578 391 2253 487 Echonm,
2300 390 2448 471 ET
2495 388 2862 472 EDICTI
2907 388 3180 471 PERP.

518 595 528 603 “
686 579 1054 674 docibilia,
1125 578 1343 659 rebus
1386 576 1641 681 gesti3‚
1702 574 2018 680 ipsoque
2055 573 2253 670 fato,
2311 600 2474 679 quo
2521 574 2777 679 periit,
2851 574 3034 653 nihil
3081 575 3226 653 iam
3275 572 3392 651 di-

690 708 846 761 cam
866 737 889 777 ‚
996 706 1179 759 uum
1224 682 1476 757 omnia
1520 676 1906 761 conseerari
1923 733 1952 772 ,
2025 678 2672 781 intempestiuum,
2747 700 2977 782 pauca
3021 676 3340 755 delibare
3364 729 3389 770 ,

689 784 893 863 nefas
918 782 1315 861 videretur.
1362 786 1649 884 Neque
1676 778 1771 857 de
1798 778 2101 883 reliquis
2117 780 2281 857 eius
2295 778 2650 883 operibus
2673 778 3082 883 quidquam
3102 776 3393 871 addam,

690 884 817 964 sed
846 885 1207 987 quaedam
1238 884 1595 961 duntaxat
1626 882 1960 958 monebo
2007 880 2104 957 de
2153 882 2310 959 eius
2357 906 2848 959 communis
2899 880 2990 959 ad
3019 878 3394 971 Edictum,

696 1011 1023 1091 quorum
1066 990 1319 1083 βιβλία.
1358 982 1739 1088 &statimque
1800 996 1954 1090 τρία
1995 980 2459 1061 recensentur
2487 983 2587 1065 ‘in
2628 982 2884 1060 Indice
2933 981 3401 1059 Florentino,

698 1092 813 1169 Ex
852 1088 969 1164 his
1010 1089 1362 1165 omnibus
1402 1088 1626 1164 etiam
1676 1084 2080 1191 fragmenta
2123 1110 2346 1187 quam
2372 1084 2685 1189 plurima
2709 1082 3128 1189 supersunt,
3183 1106 3401 1187 prae·

696 1214 1034 1293 terquam
1076 1214 1175 1266 ex
1214 1188 1511 1267 duobus
1550 1188 1948 1293 postremis
1987 1187 2186 1265 libris
2202 1241 2228 1281 ,
2301 1208 2496 1291 quos
2541 1207 2666 1263 tan
2719 1210 2894 1263 uam
2943 1186 3174 1289 oepita
3215 1183 3402 1263 iuris

694 1293 943 1369 minus
973 1290 1105 1369 vsu
1136 1316 1301 1369 rece
1358 1313 1431 1369 ta
1455 1316 1629 1367 com
1682 1288 1940 1385 lexoS,
1983 1287 2281 1394 insuper
2291 1288 2550 1365 habuit
2559 1287 2702 1365 Tri
2753 1288 3086 1365 onianuS.
3199 1284 3439 1364 Scri-'

754 1414 875 1470 tos
921 1392 1061 1471 ess'e
1106 1393 1249 1471 hos
1320 1393 1517 1471 ibros
1544 1391 1589 1469 s
1711 1393 2110 1469 Antonino
2139 1389 2545 1484 Caracalla,
2607 1388 2768 1467 loca
2801 1414 3026 1493 quam
3074 1387 3402 1492 plurima

644 1518 655 1525 ·
750 1517 997 1573 ocent.
1136 1495 1463 1573 Eosdem
1518 1519 1707 1571 vero
1756 1516 1926 1570 ante
1968 1494 2210 1571 libros
2225 1491 2317 1570 ad
2360 1491 2711 1570 Sabinum
2737 1489 3119 1595 prodiifle,
3163 1512 3264 1565 ex
3295 1512 3399 1564 eo

534 1620 553 1627 “
752 1618 1047 1685 eracute
1093 1596 1391 1700 collegit
1440 1596 1695 1682 Cuiac.
1752 1593 1925 1696 Obfi
1944 1598 2073 1690 XI,
2109 1622 2195 1689 15.
2238 1593 2450 1696 quod
2497 1592 2860 1697 leianus
2912 1590 3066 1697 ipse
3093 1592 3174 1668 in
3214 1591 3264 1668 l.
3287 1614 3402 1682 32·

680 1622 765 1798 „g
778 1722 887 1792 27.
922 1700 1025 1776 D.
1052 1699 1145 1777 de
1172 1699 1407 1800 donar.
1434 1698 1637 1775 inter
1657 1698 1798 1775 vir.
1842 1716 1924 1773 et
1955 1724 2158 1773 vxor.
2193 1696 2290 1773 de
2341 1714 2588 1772 romta
2625 1720 2726 1772 ex
2769 1695 3002 1773 Libro
3045 1692 3409 1771 XXXIII.
3448 1726 3456 1731 ⁸

693 1799 1173 1877 ad-sabinmn
1200 1797 1633 1877 sententiam
1664 1797 2032 1877 Labeonis
2061 1796 2365 1875 adducit
2382 1852 2406 1891 ,
2465 1821 2693 1901 quam
2739 1819 2814 1874 et
2841 1823 2892 1875 a
2901 1794 2990 1897 fi·
3007 1848 3034 1891 ,
3079 1816 3154 1871 et
3175 1819 3225 1870 a
3251 1792 3407 1871 Pa-

662 1984 672 1999 ,
682 1902 977 2006 piniano
1008 1900 1191 1979 libro
1212 1902 1303 1977 X
1342 1897 1857 2005 Questionum
1878 1900 2302 2001 probatam,
2357 1900 2493 1993 ait,
2539 1896 2697 2004 ipse
2722 1922 2906 1975 vero
2931 1922 3094 1975 eam
3127 1893 3410 1999 proba-

697 2003 811 2081 uit
847 2002 1085 2080 Libro
1129 2004 1459 2084 XXXV.
1502 2001 1599 2079 ad
1644 2000 1988 2079 Edistum
2003 2054 2032 2094 ,
2101 2026 2239 2077 ceu·
2288 2022 2496 2106 patet
2529 2026 2625 2078 ex
2659 2001 2712 2078 l.
2738 2026 2810 2093 9.
2863 2002 2964 2077 D.
2989 2000 3078 2077 de
3095 1994 3410 2101 sponfirl.

946 2104 1061 2181 uis
1088 2129 1273 2207 ergo
1306 2124 1393 2181 et
1406 2102 1577 2179 illos
1608 2101 1701 2179 ad
1730 2102 2077 2206 Sabinum
2104 2103 2329 2181 libros.
2359 2102 2490 2179 sub
2519 2100 2790 2180 eodem
2818 2102 3160 2205 Principe
3189 2110 3412 2175 oom-

679 2232 807 2315 ·po
838 2206 1057 2301 uerit,
1086 2204 1322 2310 idque
1334 2204 1671 2309 adpareat
1686 2230 1779 2282 ex
1794 2207 1845 2285 l.
1864 2231 1960 2299 23.
1973 2206 2044 2304 §.
2071 2233 2122 2285 ι.
2136 2208 2234 2283 D.
2262 2206 2350 2282 de
2373 2205 2562 2283 cond.
2589 2204 2816 2282 indeb.
2839 2206 2967 2298 l.·3.
2986 2224 3111 2321 pr.
3125 2222 3202 2317 ετ.
3229 2200 3284 2277 l.
3293 2224 3414 2293 3²·

684 2324 809 2414 ³pr.
852 2310 945 2385 D.
992 2310 1085 2385 de
1116 2308 1353 2385 donat.
1378 2309 1515 2385 int.
1536 2308 1687 2385 vir.
1700 2328 1775 2384 et
1798 2334 2009 2385 vxor.
2029 2308 2344 2385 maiores
2367 2328 2618 2384 tamen
2641 2326 2846 2402 natu,
2893 2326 2978 2383 vt
3001 2326 3102 2383 lta
3129 2301 3415 2395 droam,

676 2410 907 2488 fuere
936 2408 1101 2485 libri
1126 2409 1221 2486 ad
1244 2409 1581 2488 Edictum
1598 2463 1629 2502 ,
1671 2410 2169 2511 omniumque
2193 2432 2457 2486 eorum
2473 2465 2504 2506 r
2569 2433 2766 2512 quos
2795 2409 3160 2514 leianus
3188 2429 3416 2482 com-

800 2509 982 2602 suit,
1040 2529 1347 2612 parente
1392 2507 1528 2585 suo
1570 2505 1993 2627 digniss‘uni,
2041 2532 2131 2587 vt
2169 2511 2440 2629 mirum
2467 2536 2624 2588 non
2647 2511 2766 2606 fit,
2813 2509 3156 2616 decerpta
3183 2533 3288 2584 ex
3313 2505 3414 2588 iis

670 2627 1101 2792 -ωὲἑῗ-,ἙῘΞ
1130 2631 2018 2814 ἶξῗῖἳῑῖῖὲῗιῗὲῖὲᾟὲ
2053 2615 2152 2791 ¹1³.
2155 2611 2740 2793 ”gzffiffiff
2757 2615 3412 2818 ὴὲᾶιὲἓᾛῗ

518 2889 521 2896 .
686 2814 820 2894 fibi
848 2813 1089 2916 legem
1115 2837 1291 2917 prae
1312 2809 1656 2930 cripserat
1682 2813 2245 2892 Iurisconsultus
2285 2809 2920 2920 praestantiffimus
2933 2871 2964 2912 7
3024 2836 3116 2892 vt
3143 2811 3412 2917 primo

684 2913 1138 3018 singulorum
1184 2913 1345 2994 fere
1392 2914 1783 2992 tmflorum
1828 2913 2232 3020 insignem--
2250 2915 2458 2994 vsum
2470 2972 2498 3011 ,
2547 2919 2996 3020 aequitatem
3045 2941 3132 2993 ac
3169 2914 3416 2992 ratio—

682 3041 867 3097 nem
914 3015 1379 3111 ostenderet,
1432 3017 1667 3094 veluti
1712 3017 1763 3096 l.
1790 3033 1839 3096 τ’.
1866 3039 1992 3120 pr.
2029 3021 2134 3097 D.
2154 3019 2353 3122 qnod
2421 3026 2675 3125 uirque
2693 3021 2835 3098 iur.
2861 3023 2914 3100 Ι.
2945 3045 3000 3098 ι.
3017 3039 3140 3120 pr.
3181 3019 3284 3094 D.
3311 3017 3414 3094 de

694 3120 977 3198 edendo.
1024 3120 1076 3198 l.
1097 3144 1147 3197 1.
1156 3140 1284 3236 pr.
1310 3121 1596 3222 depae.
1619 3121 1671 3196 l.
1704 3145 1753 3197 1.
1826 3147 1891 3197 r.
1935 3121 2032 3197 D.
2057 3121 2151 3197 de
2165 3047 2424 3223 postuZ
2439 3123 2489 3199 l.
2520 3147 2568 3199 r.
2593 3143 2705 3222 pr.
2739 3123 2836 3200 D.
2861 3123 2949 3201 de
2971 3143 3200 3221 negot.
3219 3115 3416 3219 gest.

687 3225 741 3302 l.
770 3247 821 3299 1.
852 3241 973 3323 pr.
1012 3219 1113 3298 de·
1139 3248 1221 3298 m
1252 3243 1383 3299 mr.
1430 3217 1591 3319 rest.
1634 3242 1715 3298 et
1780 3221 1936 3298 ocis
1977 3221 2138 3299 aliis
2171 3245 2398 3324 quam
2436 3221 2768 3326 plurimis
2787 3255 2812 3299 z
2867 3219 3268 3325 aliquando
3323 3239 3415 3296 et

684 3322 1177 3400 connexionis
1202 3323 1591 3400 titulorum
1632 3321 1979 3399 redderet
2000 3325 2358 3400 rationem
2371 3378 2402 3417 2
2444 3323 2678 3401 veluti
2706 3327 2760 3402 l.
2775 3349 2832 3403 r.-
2855 3346 2976 3428 pr.
3013 3325 3112 3402 D.
3121 3319 3204 3422 fi
3209 3343 3418 3423 pars

690 3423 925 3513 hered.
948 3443 1100 3525 pet.
1133 3423 1182 3499 l.
1206 3449 1255 3502 t.
1266 3443 1393 3524 pr.
1426 3425 1523 3500 D.
1551 3423 1643 3501 de
1657 3419 1926 3527 poſjZffl
1943 3421 2178 3504 herecl.
2193 3447 2346 3527 pet.
2375 3426 2428 3503 l.
2449 3451 2500 3503 ι.
2527 3425 2764 3528 defid.
2801 3425 3038 3505 hered.
3071 3445 3228 3528 pet.
3252 3424 3310 3501 l.
3353 3449 3414 3504 ι.

489 3551 508 3563 ·
673 3548 794 3629 pr.
823 3526 921 3600 D.
953 3523 1043 3602 de
1068 3524 1181 3600 rei
1206 3523 1399 3600 vind.
1430 3525 1481 3600 l.
1508 3538 1690 3640 1.'pr.
1716 3525 1805 3602 de
1828 3527 2066 3628 pecul.
2089 3548 2167 3604 et
2193 3525 2361 3606 alias⁴
2393 3524 2672 3630 paffim.
2777 3526 3079 3606 Deinde
3107 3549 3420 3642 propo-

684 3624 889 3704 suiffe
926 3623 1136 3710 illurn
1176 3626 1533 3703 nouimus
1565 3623 1723 3730 ipsa
1758 3627 1978 3704 verba
2021 3627 2300 3722 Edisti,
2353 3627 2541 3730 quin
2573 3649 2652 3705 et
2689 3628 3085 3746 aliquando
3111 3649 3415 3706 criticas

647 3723 1039 3828 xquasdam
1078 3725 1343 3804 addiffe
1368 3725 1914 3817 obseruationes
1943 3727 2046 3806 de
2071 3729 2309 3808 Ediffi
2331 3729 2580 3807 verbis
2747 3731 2911 3827 ἀς,
2974 3751 3412 3833 eorumque

682 3829 795 3904 int
922 3828 1096 3905 itate
1140 3829 1260 3905 vel
1310 3830 1767 3923 mutatione,
1825 3829 2080 3932 quales
2123 3829 2296 3909 sunt
2335 3831 2504 3910 illae
2550 3833 2630 3910 in
2709 3891 2734 3930 .
2767 3859 2819 3914 ι.
2858 3835 2958 3912 D.
3041 3833 3188 3912 uod
3221 3854 3408 3910 met.

684 3953 817 4044 eafa
869 3985 890 4004 .
918 3931 1053 4046 l.·1.
1087 3931 1153 4028 §.
1170 3955 1219 4010 ι.
1248 3932 1346 4009 D.
1380 3933 1705 4010 commod.
1803 3932 2018 4010 Hinc
2034 3957 2270 4036 porro
2290 3931 2577 4037 singulis
2605 3934 2826 4013 edisti
2867 3859 3110 4014 verbis
3147 3958 3412 4038 expo-

677 4027 827 4106 sitis
860 4083 883 4122 ,
959 4055 1045 4115 in
1086 4032 1359 4147 quibus
1402 4031 1799 4136 aliquando
1846 4032 2344 4139 operosiffime
2375 4036 2774 4114 verborum
2835 4035 3410 4142 fignificat-iones

678 4151 757 4208 et
787 4127 1226 4247 differentras
1256 4135 1559 4212 rimatus
1602 4136 1711 4212 est
1726 4189 1751 4229 ‚
1812 4137 2042 4215 varias
2085 4133 2534 4216 intermiscet
2579 4140 3042 4242 quaestiones
3057 4194 3081 4234 ,
3141 4135 3408 4242 dispu-

674 4253 993 4316 tationes
1027 4253 1105 4314 et
1125 4233 1325 4316 casus
1338 4289 1369 4334 ‚
1411 4237 1547 4341 qui
1579 4261 1661 4320 ea
1686 4236 1793 4320 de
1808 4259 1901 4320 re
1921 4239 2412 4324 obuenerint?
2477 4241 2557 4322 Si
2591 4239 2894 4350 quando
2933 4243 3156 4326 verba
3177 4263 3408 4357 prae-

860 4384 867 4394 ·
3203 4361 3416 4423 toris·
