3825 4800
1296 343 2473 436 ,·1·12A13t'3·rto.
2610 353 2748 398 -···

669 530 1000 621 nomine
1029 527 1112 614 in
1137 527 1400 613 lucem
1427 527 1870 640 prodeunt,
1913 527 2233 644 reliquie
2275 525 2575 657 scriptis
2614 555 2660 615 a
2688 523 3083 641 superstite
3123 523 3387 638 publi»

671 647 869 732 catis
913 669 1080 728 non
1129 635 1553 730 dissimilia,
1586 635 1720 724 sed
1761 638 2206 754 argumenti
2230 641 2650 754 dignumne,
2693 637 3091 726 luculenta
3116 663 3381 726 rerum

673 756 1138 842 trafi’tatione
1154 815 1192 848 ‚.
1207 749 1574 836 diftionis
1603 750 1824 836 cultu
1867 774 1953 838 et
1982 753 2366 866 elegantia
2382 814 2406 853 ‚
2444 743 2791 840 iucunda
2816 749 3222 840 doetrinae
3252 773 3385 834 va·

671 869 948 954 rietate
965 929 988 965 ‚
1041 889 1460 974 rerumque
1499 861 2065 950 vtiliffimarum
2104 863 2462 952 vbertate
2512 865 2731 950 idem
2768 862 3121 954 Parentis
3164 861 3383 1056 inie-

673 980 898 1064 nium
951 972 1497 1088 vsquequaque
1536 969 1983 1078 referentia:
2071 1003 2555 1089 quamquam
2596 977 2685 1060 id
2732 974 3061 1087 quidem
3110 973 3262 1058 lice
3318 971 3384 1059 it

669 1089 765 1176 iis
795 1085 1268 1175 existimare,
1311 1085 1448 1198 qui
1481 1083 1826 1196 legerint.
1949 1086 2139 1172 Seio
2175 1089 2538 1202 quidem,
2566 1095 2809 1202 quam
2840 1085 3049 1172 male
3086 1079 3381 1175 audiat,

673 1197 1060 1314 quidquid
1106 1195 1268 1281 fere
1315 1193 1577 1281 adhue
1614 1197 2066 1302 postremorum
2116 1222 2389 1294 natum
2434 1197 2560 1284 est.
2704 1197 2861 1293 Sed
2900 1225 3053 1284 nec
3094 1197 3381 1296 minus,

673 1309 870 1426 quid
921 1306 1052 1400 fit,
1093 1335 1236 1392 cur
1275 1307 1564 1392 nullius
1594 1307 1744 1392 illa
1783 1305 2232 1422 suffragium
2284 1309 2748 1411 meruerint,
2816 1309 3183 1424 quidque·
3204 1331 3383 1393 tum

669 1419 1068 1520 eiusmodi
1097 1417 1433 1530 scriptis,
1461 1441 1638 1503 tum
1680 1419 2121 1506 editoribus
2161 1419 2650 1534 potiffimum
2688 1420 2890 1508 vitio
2932 1421 3211 1506 datum
3250 1411 3384 1521 fit,

663 1531 852 1621 scio.
967 1533 1336 1640 Qarum
1363 1552 1633 1614 tamen
1661 1529 2352 1641 reprehensionum
2384 1561 2633 1648 quum
2658 1533 2869 1628 nulla
2892 1533 2978 1629 in
3009 1530 3207 1616 haec
3238 1556 3383 1614 no·

669 1643 818 1732 stra
847 1645 1127 1742 cadat2
1148 1668 1290 1726 cur
1321 1639 1450 1724 vel
1477 1641 1951 1754 immortali,
2004 1647 2245 1758 quam
2284 1642 2427 1730 suo
2467 1641 2609 1730 fibi
2649 1643 2975 1757 ingenio
3018 1641 3384 1730 condidit

670 1769 707 1846 e:
731 1779 1132 1870 μακαρίτης,
1178 1749 1458 1849 famae,
1497 1753 1623 1836 vel
1654 1754 2039 1865 postumis
2067 1752 2272 1868 ips1s‚
2302 1757 2429 1842 vel
2457 1757 2696 1842 etiam
2731 1756 2929 1843 mihi
2957 1755 3090 1842 illa
3112 1750 3380 1840 edenti

667 1866 1107 1981 quidquam
1135 1877 1524 1962 metuam,
1593 1889 1748 1974 ego
1839 1865 2112 1954 uidem
2139 1865 2341 1955 nihil
2389 1865 2686 1954 cauffae
2720 1866 2981 1953 video.
3096 1864 3381 1980 Siquis

665 1999 940 2067 tamen
984 1973 1222 2077 haec,
1261 1997 1574 2078 tantum
1613 1891 1838 2088 quod
1877 1973 2027 2063 fint
2054 1974 2456 2090 postuma,
2495 1977 2882 2068 inuidiose
2924 1977 3381 2094 culpauerit,

665 2087 1022 2198 citraque
1053 2109 1384 2170 examen
1411 2113 1560 2170 nec
1579 2087 1904 2200 cognita
1929 2089 2146 2201 prius
2158 2087 2407 2175 oeuffa
2424 2090 2831 2178 continuo
2865 2087 3382 2178 damnauerit,

665 2227 818 2288 nae
837 2200 958 2286 ini
989 2222 1262 2282 metuo
1303 2197 1554 2296 valde,
1585 2225 1688 2280 ne
1715 2200 1937 2283 litem
1969 2197 2467 2288 suamfeciffe
2552 2203 3077 2288 ronuncietur.
3136 2199 3421 2311 Qui&

665 2310 848 2427 quis
871 2333 1066 2395 vero
1093 2303 1403 2392 fastidio
1436 2330 1602 2391 tam
1639 2305 1985 2393 delicato
2013 2309 2159 2411 est,
2204 2335 2293 2396 vt
2340 2338 2445 2396 ne
2542 2311 2889 2427 egustare
2929 2312 3251 2426 quidem
3296 2329 3383 2397 et

661 2420 1109 2537 perieulum
1153 2412 1412 2503 facere
1469 2417 1694 2523 velit,
1761 2419 1928 2504 eius
1967 2448 2067 2505 ne
2113 2421 2197 2506 in
2238 2422 2406 2509 aliis
2460 2424 2785 2535 quidem
2832 2423 3065 2510 rebus
3105 2422 3377 2535 palato

663 2533 1100 2729 qum
1115 2526 2105 2753 ffsssiffisssssszstuffiss
2147 2558 2385 2731 ἕξεί
2420 2533 3039 2732 {eathm-
3066 2560 3375 2758 ⁶353&

663 2668 1120 2866 affigendus
1147 2750 1834 2852 contulerint,·nifi
1853 2754 2004 2867 qui
2030 2750 2127 2840 fit
2778 2756 2786 2763 ’
3328 2796 3338 2862 3

1077 2892 1366 2997 Nescius
1401 2918 1688 2973 examen
1726 2918 1908 2989 certo
1933 2897 2339 3001 compefiere
2372 2904 2645 3003 pundo,
2672 2896 2779 3011 b)

659 3031 1322 3126 fore-neminem,
1374 3006 1506 3121 eui
1555 3060 1725 3120 non
1765 3058 1824 3117 o
1881 3035 2078 3147 pido
2120 3037 2397 3148 ingens
2447 3038 2775 3150 aliquod
2824 3026 3239 3124 diserimen
3284 3038 3375 3127 in

665 3148 952 3236 oculos
975 3147 1336 3231 incurrat.
1453 3145 1610 3229 Sed
1653 3146 1787 3258 qui
1887 3174 2047 3257 ego
2076 3146 2169 3234 in.
2198 3146 2447 3247 eauffa
2476 3150 2813 3235 dicenda
2844 3172 3173 3260 operam

663 3260 829 3347 do?
899 3258 1108 3367 Qis
1165 3280 1452 3342 namne
1482 3254 1744 3339 adhuc
1773 3256 1987 3341 diem
2016 3260 2263 3343 dixit?
2334 3258 2595 3371 Magis
2625 3256 2769 3358 est,
2804 3285 2897 3345 vt
2924 3260 3028 3345 de
3058 3256 3373 3373 fingulis

660 3368 832 3457 hoe
869 3366 1096 3453 fascic
1179 3396 1237 3451 o
1275 3362 1900 3477 comprehensis,
1958 3396 2157 3480 quae
2196 3392 2280 3455 te
2330 3366 2556 3470 scire,
2628 3398 2985 3459 camma
3034 3400 3379 3479 mci-on,

661 3502 800 3567 tua
825 3476 1180 3576 interest,
1205 3502 1792 3591 praemoneam.
1847 3480 2037 3563 Vno
2070 3478 2319 3565 verbo
2348 3482 2781 3595 expediam.

889 3615 1250 3701 Primum
1289 3612 1564 3699 Iocum
1631 3620 1999 3726 occupat.
2048 3644 2425 3703 utsromA
2496 3648 2969 3709 achonM
3035 3649 3373 3713 oMNJvM

657 3754 926 3825 ,ntum
979 3752 1252 3811 tmen
1307 3754 1670 3811 mvn-rvi
1687 3788 1710 3821 ‚
1767 3724 2180 3841 ipsumque
2232 3756 2597 3815 Eotc‘rvM
2650 3762 3108 3821 PERPETva
3155 3736 3375 3827 ordi-

653 3838 745 3929 ni
773 3862 856 3924 et
879 3834 1306 3949 integritati
1331 3832 1507 3923 suae
1536 3833 2019 3933 restitutmn,
2104 3864 2433 3927 uantum
2463 3840 2790 3955 quidem
2817 3846 3023 3933 iffius
3048 3848 3135 3935 in
3158 3845 3375 3937 sche-

655 3952 782 4041 dis
817 3950 1162 4068 paternis
1189 3944 1632 4062 perfestum
1659 3947 1950 4053 inueni.
2123 3978 2247 4041 ars
2280 3950 2484 4041 haec
2512 3980 2687 4043 non
2726 3984 3013 4072 magna
3042 3960 3373 4075 quidem

950 4102 958 4112 ³
1783 4138 1792 4153 -
2017 4140 2034 4153 s
3230 4073 3367 4170 est,

745 4208 826 4313 b)
873 4232 1136 4289 marva
1182 4210 1314 4285 Sat.
1353 4212 1428 4285 1⁷.
1454 4236 1520 4288 v.
1552 4230 1664 4288 m.
1777 4310 1784 4317 .
