3825 4800
565 381 726 458 4424
885 285 1404 430 ms‘roam
1449 338 2127 442 Emer-ORVM,
2178 335 2326 418 ET
2376 333 2745 421 amon
2790 337 3065 428 PERP.

495 571 501 578 ·
571 561 759 627 num
777 535 1094 619 comites
1121 528 1460 627 sedendi,
1511 552 1588 609 et
1617 529 2011 635 participes
2038 526 2513 608 consiliorum
2527 586 2551 625 ,
2580 529 2631 608 l.
2658 553 2731 622 7.
2764 529 2839 605 C.
2870 527 2956 606 de
2984 522 3295 628 officad-

559 637 720 746 seffi
766 633 1244 739 συγκαίθεδρω,
1290 635 1342 712 l.
1378 659 1468 713 ιο.
1499 635 1566 733 §.
1593 646 1651 711 ό.
1665 635 1763 710 D.
1788 632 1876 709 de
1901 629 2213 735 excusc'et.
2261 633 2498 708 immo
2527 651 2604 709 et
2628 653 2837 708 Amol
2882 651 3295 720 mmcmvm,

581 768 724 820 ceu
746 736 958 842 supra
981 737 1129 813 iam
1151 737 1610 830 monuimus,
1656 734 1754 811 de
1766 733 2040 836 quibus
2066 731 2223 838 fuse
2252 736 2393 811 Iac.
2428 731 2754 812 Guther.
2788 731 2878 808 de
2922 761 2961 808 o
3032 755 3088 808 c.
3116 728 3297 808 dom.

584 848 777 944 Aug.
811 843 872 932 I,
905 853 998 924 18.
1093 839 1204 914 Ita
1235 837 1620 940 Augustus
1649 860 1889 938 quum
1922 835 2038 912 ius
2068 833 2383 929 diceret,
2430 838 2609 933 μεταί
2650 840 2772 911 τῶν
2810 837 2965 928 mi,
3032 863 3114 908 ων
3140 825 3307 907 διεσ-

584 945 852 1040 κέψωῗο
869 995 890 1026 ,
935 965 1090 1016 rem
1117 963 1278 1016 cum
1299 935 1740 1042 adfiffbribm
1764 937 2345 1014 communicabat.
2396 933 2755 1040 xiphilin.
2854 935 3083 1012 Initio
3102 931 3307 1008 enim

585 1039 1021 1147 quindecim
1048 1043 1436 1120 Senatores
1471 1041 1550 1118 in
1579 1037 1963 1116 confilium
1992 1035 2423 1115 adhibuerat
2449 1039 2529 1114 in
2554 1035 2683 1115 sex
2702 1035 3044 1128 menses,
3094 1030 3304 1138 post·-

585 1171 666 1224 ea
697 1142 968 1246 quinto
997 1139 1364 1218 decennio
1379 1194 1403 1235 ,
1455 1165 1696 1244 quum
1720 1138 2169 1244 reipublicae
2201 1137 2911 1217 administrationem
2954 1132 3302 1238 suscepis-

419 1263 428 1271 “
585 1245 696 1334 set
709 1298 734 1338 ,
778 1242 1000 1346 petiit
1034 1268 1074 1318 a
1093 1244 1378 1320 Senatu
1411 1243 1764 1338 συμβέλες
1797 1245 2028 1319 {auom
2052 1245 2311 1331 ἑτησίες
2324 1303 2345 1341 ,
2402 1241 2669 1342 viginti
2706 1231 3135 1337 confiliarios
3170 1259 3303 1312 an-

585 1371 785 1426 nuos.
835 1341 1110 1447 Xiphil.
1209 1347 1512 1440 Morem
1555 1343 1646 1420 ab
1689 1367 1784 1420 eo
1817 1363 2205 1447 tempore,
2268 1367 2428 1445 quo
2471 1342 2825 1419 Tiberius
2874 1340 2955 1417 in
2980 1333 3305 1414 insulam

540 1522 556 1536 ,
587 1443 992 1537 secesserat,
1039 1445 1580 1548 interruptum,
1623 1446 2009 1521 reuocauit
2036 1445 2261 1522 Caius
2301 1443 2661 1546 Caligula,
2712 1446 2783 1529 ὁς
2816 1445 2941 1528 vif
2970 1435 3307 1616 evvt'ffffar,
3378 1487 3391 1492 -

589 1545 938 1644 ἐκληφθέν
970 1545 1042 1646 ἐξ
1068 1544 1109 1626 ’ὗ
1153 1551 1186 1622 ὁ
1213 1549 1394 1642 Τιβέ
1428 1576 1520 1631 ιος
1541 1552 1632 1632 εἰς
1663 1549 1774 1634 τήν
1803 1551 1986 1636 νῆσον
2016 1545 2395 1650 ἐξεχώρησεν
2411 1601 2431 1632 ,
2480 1547 2882 1645 duevania-0070.
2933 1541 3064 1646 qui
3080 1565 3129 1616 a
3198 1563 3309 1612 es·

577 1647 820 1750 scires,
867 1647 1250 1750 quodfieri
1272 1579 1426 1745 defig
2774 1646 2786 1658 '
3213 1739 3227 1754 ·

595 1776 674 1830 ce
717 1767 923 1839 erat,
968 1745 1304 1846 restituit.
1355 1748 1510 1826 Dio
1543 1749 1690 1825 Lib.
1721 1751 1867 1826 LX.
1970 1746 2229 1824 Postea
2254 1747 2319 1822 is
2348 1771 2517 1824 mos
2556 1745 2982 1822 constanter
3031 1743 3308 1846 viguit,
3370 1757 3392 1768 ·

592 1847 660 1929 sa
689 1849 826 1926 tim
857 1846 946 1924 ad
971 1848 1374 1926 Alexandri
1399 1851 1652 1940 Seueri
1683 1872 2067 1952 tempora,
2114 1869 2193 1924 et
2234 1869 2505 1926 notum
2550 1849 2693 1942 est,
2746 1845 3119 1925 Historiae
3142 1844 3309 1928 Au-

699 1951 848 2026 stae
877 1947 1268 2053 scriptores
1299 1950 1639 2054 prolixos
1671 1949 2119 2055 plerumque
2154 1949 2294 2027 esse
2326 1951 2407 2026 in
2448 1947 2911 2027 recensendis
2942 1947 3305 2025 iuriscon-

593 1977 796 2131 ftilltis
809 2105 836 2146 ,
885 2076 1082 2152 quos
1111 2052 1188 2129 in
1223 2051 1604 2130 confilium
1633 2053 2009 2156 Principes
2039 2049 2299 2156 singuli
2337 2051 2827 2130 adhibuerint.
2927 2047 3221 2127 Nostro
3247 2044 3309 2120 is

599 2155 880 2246 honor,
905 2174 990 2230 vt
1018 2149 1230 2258 supra
1255 2154 1401 2232 iam
1427 2180 1524 2232 ex
1551 2155 1935 2257 Spartiano
1969 2153 2289 2232 vidimus
2304 2211 2327 2251 ,
2378 2155 2695 2258 contigit
2722 2150 2851 2230 sub
2890 2147 3271 2228 Hadriano
3288 2199 3311 2239 ,

597 2276 682 2332 et
707 2252 1018 2356 quidem
1043 2279 1218 2332 cum
1239 2255 1592 2333 quentio
1617 2255 1844 2334 Celso
1876 2275 1955 2331 et
1976 2256 2295 2332 Neratio
2329 2253 2603 2349 PriscO,
2634 2278 2831 2356 quos
2864 2249 3312 2328 licetdiuer-

597 2355 714 2435 fae
743 2352 974 2432 sed’tae
987 2408 1011 2447 ,
1059 2357 1370 2433 Senatm
1397 2379 1638 2434 tamen
1665 2381 1900 2433 omnes
1975 2356 2289 2435 robarat.
2388 2354 2758 2462 Suspicor,
2808 2351 3158 2433 eumdem
3172 2351 3313 2429 ho-

599 2480 872 2539 norem
897 2479 1070 2531 eum
1092 2456 1370 2531 tuitum
1399 2455 1530 2533 sub
1556 2459 1653 2533 D.
1669 2457 1898 2549 Pi0,v
1932 2480 1985 2530 o
2013 2456 2445 2559 iurisperitis
2472 2458 2785 2538 Vinidio
2818 2462 3049 2549 Vere,
3062 2453 3311 2533 Saluio

601 2554 964 2649 Valente,
1008 2553 1322 2633 Volulio
1357 2557 1782 2650 Maeciano,
1832 2556 2070 2660 leio
2098 2559 2497 2655 Marcello,
2542 2582 2623 2637 et
2653 2558 3013 2639 Iauoleno
3033 2612 3056 2652 ,
3104 2554 3156 2631 fi
3182 2556 3309 2633 Iuss-

599 2656 709 2735 lio
739 2658 846 2733 Ca
904 2656 984 2733 it.
1009 2657 1085 2732 in
1117 2657 1276 2733 vita
1301 2658 1398 2732 D.
1431 2658 1550 2733 Pii
1577 2662 1742 2759 Cap.
1768 2661 1936 2735 XIL
1986 2658 2381 2739 credimusi
2524 2666 2635 2741 At
2674 2658 2839 2739 sane
2874 2659 3120 2737 nullus
3143 2680 3309 2734 tum

595 2757 744 2835 fuit
775 2758 862 2831 Sa
895 2756 1058 2833 uius
1083 2754 1395 2852 Valens,
1444 2755 1569 2835 sed
1599 2760 2020 2853 AburniuS,
2070 2759 2169 2839 de
2202 2786 2362 2865 quo
2394 2760 2602 2869 supra
2636 2763 2915 2855 aetum,
2964 2760 3313 2862 adeoque

597 2855 882 2940 Saluius
922 2856 1246 2935 Iulianus
1282 2858 1410 2937 hic
1451 2862 1594 2937 erit
1632 2861 2189 2965 intelligendus,
2252 2866 2387 2967 qui
2424 2886 2593 2943 tum
2640 2862 2901 2943 itidem
2950 2860 3313 2965 collegam

597 2957 1168 3041 Proculeianum
1219 2981 1298 3037 et
1339 2961 1910 3041 obtrectatorem
1952 2963 2249 3060 habuit,
2312 2967 2415 3047 Vl
2470 2970 2629 3044 ium
2669 2964 3127 3045 Marcellum.
3225 2960 3315 3039 Id

603 3058 820 3177 quod
845 3085 1006 3159 non
1030 3061 1270 3140 modo
1308 3064 1548 3141 Princi
1603 3090 1732 3141 um
1757 3064 2056 3141 illorum
2084 3067 2543 3169 prudennae,
2591 3066 2715 3147 sed
2748 3089 2824 3145 et
2851 3064 3184 3167 ipsorum
3198 3066 3313 3146 iu-

601 3160 1212 3257 nsconsultorum
1250 3165 1656 3243 modest1ae
1703 3165 1977 3269 insigne
2026 3187 2541 3269 argumentum
2570 3170 2699 3246 est.
2846 3172 3053 3245 Nam
3095 3187 3178 3243 vt
3204 3166 3311 3243 illi

663 3264 876 3340 rocul
901 3262 1134 3341 dubio
1169 3264 1496 3345 diuersae
1525 3266 1754 3343 seclae
1791 3266 2201 3371 prudentes
2240 3267 2421 3345 ideo
2466 3252 2909 3366 adhibebant
2946 3270 3029 3345 in
3069 3264 3309 3346 confi-

633 3367 785 3442 'um
798 3418 824 3459 ,
877 3386 960 3440 vt
991 3364 1292 3469 prolatis
1321 3392 1418 3443 ex
1441 3388 1751 3469 vtraque
1773 3392 1979 3473 parte
2006 3372 2474 3471 argumentis,
2503 3372 2688 3475 quid
2716 3371 2991 3448 iustum
3020 3394 3315 3447 verum-

511 3520 518 3525 ·
599 3492 754 3569 que
781 3464 990 3558 effet,
1039 3488 1248 3543 tanto
1275 3468 1546 3547 certius
1577 3470 1937 3572 liqueret,
1985 3468 2480 3574 expensisque
2509 3473 2893 3567 omnibuS,
2914 3496 3106 3575 quae
3136 3472 3313 3549 hinc

595 3566 774 3645 inde
805 3565 993 3643 dicta
1021 3564 1164 3646 fint
1177 3623 1202 3663 ,
1249 3567 1767 3675 subductisque
1796 3572 2241 3668 rationibuS,
2284 3594 2499 3653 tanto
2552 3575 3081 3653 accuratiorem
3120 3572 3313 3652 fince-

593 3690 762 3745 rent
789 3668 1328 3771 cogitationum
1349 3668 1636 3751 suarum
1651 3672 2043 3771 summam:
2091 3674 2190 3751 ita
2216 3674 2299 3753 hi
2324 3675 2505 3754 mira
2542 3678 2765 3755 animi
2796 3676 3311 3754 moderatione

591 3768 931 3847 ferebant
963 3792 1040 3847 et
1065 3770 1598 3869 diffentientes,
1645 3796 1724 3852 et
1750 3773 2118 3869 aemulos,
2168 3797 2246 3854 et
2270 3780 2613 3881 quamuis
2638 3780 2723 3859 in
2734 3776 3109 3857 Pandeffis
3140 3800 3309 3879 per·-

1412 1670 1576 1725 erat
1605 1675 1695 1724 ex
1725 1673 1800 1722 eo
1825 1666 2141 1746 tempore
2156 1699 2179 1738 ,
2228 1671 2369 1750 quo
2404 1646 2718 1723 merlus
2758 1671 2835 1722 tn
2874 1635 3306 1742 infidamfi’-
3431 1636 3439 1641 ’

593 3891 870 3973 petuus
895 3871 1052 3948 fere
1082 3869 1167 3949 fit
1194 3874 1818 3955 diuerfiffimarum
1845 3876 2296 3981 opinionum
2332 3880 2744 3977 conflistus,
2794 3903 2871 3958 et
2898 3880 3144 3974 crebra
3158 3876 3309 3953 dis-
3440 3884 3455 3899 ’

589 3972 890 4073 putatio
906 4026 932 4065 ,
981 3974 1112 4051 vix
1135 3996 1381 4055 tamen
1411 3976 1640 4057 vllum
1685 3974 1997 4055 verbum
2040 3980 2273 4081 acrius
2287 4035 2312 4075 ,
2380 3982 2661 4061 nedum
2706 3981 3129 4061 conuicium
3182 3978 3309 4056 ali-

588 4070 810 4253 giuod
835 4075 1189 4175 reperias,
1239 4104 1402 4196 quo
1431 4079 1726 4198 inter-se
1758 4078 1860 4160 vfi
1885 4078 2028 4157 sint
2055 4080 2193 4159 viri
2228 4083 2333 4161 illi
2376 4084 2781 4188 grauiffimi.
2988 4108 3077 4164 ua
3104 4082 3201 4161 de
3228 4104 3311 4159 re

667 4198 809 4277 8¹²2
833 4171 1038 4273 sunt,
1089 4204 1280 4282 quae
1317 4201 1596 4287 mtegra
1635 4182 1762 4269 luc
1801 4204 2235 4291 repetantur
2264 4188 2507 4285 verba,
2526 4188 2797 4308 quibus
2822 4186 2939 4267 vir
3006 4206 3307 4371 ung-mus

3194 4308 3304 4367 m·
