3825 4800
325 8 660 20 v—-r--fi

516 441 530 453 ·
625 410 810 496 LIB.
853 410 916 493 1.
989 410 1216 493 CAP.
1247 406 1382 491 111.
1451 332 1588 493 131⁴:
1639 406 1870 493 EIVS
1915 406 2333 495 PVERIT.
2378 408 2527 493 ET
2572 412 3040 501 EDVCAT.
3082 442 3237 519 747

439 594 444 597 ’
515 591 1072 691 addiscendam,
1119 588 1244 673 sed
1271 610 1440 671 toto
1465 590 1783 698 imperio
1809 594 2311 699 omnibusque
2358 588 2763 679 afflonibiis
2806 598 2951 697 suis
2982 597 3231 705 expri-

516 696 910 791 mendam,
957 697 1286 776 animum
1313 692 1562 801 abipsa
1579 695 2059 775 adolescentia
2082 692 2401 801 impulit.
2450 704 2643 779 Non
2672 698 3233 779 {anetumerant
3366 692 3377 711 ’

530 822 908 903 tempora,
1005 798 1216 877 uibus
1249 795 1364 875 illa
1447 820 1556 874 ars
1585 798 1818 875 ciuilis
1843 797 2268 901 sapientiae,
2318 802 2531 878 certis
2558 799 2893 879 conclufi
2924 802 3229 905 regulis,

529 922 612 979 et
635 902 718 977 in
744 901 912 978 artis
979 922 1262 977 ormam
1297 922 1376 975 re
1429 896 1572 977 aaa
1587 953 1614 993 ,
1657 899 1742 976 in
1769 898 2131 977 cathedris
2184 899 2624 981 tradebatur.
2776 899 2949 1007 Ipso
2974 926 3227 983 rerum

531 1000 666 1080 vsu
697 1023 922 1105 atque
968 1000 1420 1105 experientia
1457 998 1574 1077 illa
1607 1022 1762 1077 erat
1793 997 2222 1079 addiscenda
2240 1056 2263 1096 ,
2324 1026 2563 1104 eaque
2599 1003 2678 1081 in
2718 1028 2801 1081 re
2829 1027 2925 1079 eo
2950 1000 3230 1083 facilius

526 1103 994 1205 celeriusque
1032 1098 1354 1206 profecit
1396 1124 1806 1181 Lvoovrcvs
1844 1102 2131 1197 noster,
2182 1124 2343 1205 quo
2384 1102 2901 1183 excellentiore
2928 1104 3175 1209 ingeni

529 1202 687 1283 erat
705 1228 746 1285 a
769 1226 1018 1281 natura
1045 1201 1455 1307 praedituS,
1513 1224 1596 1281 et
1611 1226 1782 1305 quo
1811 1203 2027 1281 citius
2068 1202 2286 1281 rebus
2314 1203 2647 1307 gerendis
2688 1230 2729 1283 a
2767 1227 2972 1309 patre

3170 1126 3231 1183 o

199 1370 208 1379 .
267 1386 276 1403 ,
403 1360 409 1363 -
515 1306 843 1383 abatur.
936 1308 1092 1383 Iam
1115 1302 1328 1408 supra
1355 1300 1904 1381 obseruauimus
1918 1358 1943 1398 ,
1992 1305 2061 1382 ei
2088 1302 2213 1382 sex
2252 1328 2615 1383 annorum
2650 1328 2891 1410 puero
2929 1204 3235 1385 leiudfelg

589 1406 1006 1485 rudentiam
1051 1402 1371 1488 tribuiss‘e
1415 1428 1976 1483 sANGALLmsm
2040 1426 2485 1485 nomicum«.
2542 1405 2603 1505 l)
2700 1405 3069 1485 Eumdem
3114 1410 3261 1505 m)-

361 1496 384 1517 ⁹
530 1534 614 1587 m
636 1508 766 1586 illo
789 1507 938 1587 iam
967 1506 1132 1584 viro
1157 1504 1446 1583 laudare
1477 1504 1796 1583 vidimus
1815 1505 2255 1611 prientiitm
2276 1504 2761 1609 fingularem,
2812 1534 3037 1612 quam
3060 1530 3232 1587 acu-

529 1604 1025 1711 tffmofretus
1049 1608 1326 1709 ingenio
1333 1604 1871 1708 scripturarum
1899 1604 2329 1705 adsiduitate
2364 1608 2903 1715 cumulatiorem
2932 1608 3235 1685 reddere

529 1738 670 1791 non
697 1706 996 1813 ceffarit.
1092 1730 1444 1788 ammom
1505 1710 1590 1804 n)
1655 1706 1766 1785 est
1807 1707 2089 1808 ingenio
2133 1706 2620 1801 callidtffi'mus,
2676 1706 2953 1805 camilia
2977 1708 3233 1809 proui-

532 1812 973 1910 denttffi'mue.
1067 1807 1424 1910 Denique
1453 1830 1808 1886 ormmvs
1821 1860 1846 1901 ,
1893 1811 1979 1905 o)
2030 1808 2271 1923 quiin
2311 1830 2409 1883 eo
2434 1806 2802 1885 laudando
2844 1828 3055 1886 totus
3076 1806 3231 1901 est,

529 1910 716 1991 nihil
739 1936 986 1991 tamen
1011 1910 1090 1987 in
1117 1932 1216 1985 eo
1241 1908 1468 2010 magis
1484 1963 1510 2003 ,
1558 1930 1784 2009 quam
1823 1908 2098 2023 ingemi
2143 1904 2655 2011 perspicaciam
2698 1930 2777 1987 et
2814 1906 3239 2014 sapientiam
3366 1924 3371 1934 '

525 2014 746 2117 plane
771 2010 1174 2091 inufitatam
1188 2064 1212 2104 ,
1261 2008 1682 2086 admiratur.
1777 2010 1983 2085 Hinc
2008 2032 2187 2085 eum
2210 2030 2431 2086 vooet
2458 2008 2626 2085 then
2636 2007 2860 2109 spella
2872 2062 2895 2103 ,
2940 2010 3233 2111 agilem,

530 2138 692 2193 non
717 2137 870 2192 tam
909 2136 1006 2189 co
1149 2135 1262 2204 re,
1312 2132 1538 2287 {uam
1576 2110 1910 2211 ingenio,
1974 2108 2137 2187 thes
2176 2110 2603 2187 wisdaomes
2620 2110 2837 2212 fhllo,
2866 2107 3235 2211 Je'tpientiae

521 2218 822 2320 plenum
834 2268 858 2308 ,
927 2214 1024 2291 wi
1053 2238 1172 2291 ero
1205 2210 1294 2311 gi
1372 2212 1554 2288 anko
1567 2263 1592 2303 ,
1657 2206 1910 2309 wisera
1948 2210 2229 2299 redinu,
2275 2206 2373 2309 fi
2416 2209 2687 2286 ientum
2722 2210 3235 2310 cogitationum

371 2346 390 2357 ‘
511 2312 1065 2423 fhpientumque
1093 2313 1504 2406 verborum,
1553 2309 1855 2389 cleinem
1877 2307 2259 2412 githanko,
2337 2309 2671 2387 subtilium
2688 2309 3238 2412 cogitationum,

535 2419 802 2526 quekes
839 2438 1139 2510 muorte,
1163 2413 1320 2492 vini
1347 2435 1424 2491 et
1447 2411 1718 2492 alacris
1759 2411 1984 2489 animi
2010 2409 2452 2518 principem,
2492 2431 2572 2488 et
2601 2435 2793 2512 quae
2816 2408 2987 2496 sunt
3010 2409 3241 2489 huius
3312 2491 3339 2511 „

627 2521 820 2600 neris
862 2518 984 2596 elo
1027 2519 1097 2596 ia
1122 2515 1276 2593 alia.
1375 2514 1458 2594 Si
1479 2537 1660 2590 vero
1703 2511 1794 2590 ad
1839 2531 2199 2628 naturam·
2222 2531 2375 2588 tam
2414 2512 2759 2628 egimiam
2800 2531 3027 2628 atque
3063 2509 3237 2588 illu·-

605 2647 760 2702 rem
790 2545 1066 2700 καθιεῖ
1096 2616 1262 2694 vsus
1286 2613 1590 2718 quidam
1615 2631 1838 2716 atque
1851 2639 1931 2690 in
1944 2614 2165 2690 rebus
2240 2609 2527 2689 erendis
2552 2614 3015 2691 exercitatio:
3064 2631 3237 2691 tum

487 2794 496 2804 .
533 2721 720 2802 illud
741 2721 986 2800 nescio
1013 2716 1198 2822 quid
1231 2717 1676 2822 praeclarum
1695 2739 1778 2792 ac
1803 2711 2151 2818 singulare
2260 2713 2365 2790 let
2386 2713 2719 2792 existere.
2818 2715 2930 2791 Ex
2942 2713 3093 2790 hoc
3108 2737 3252 2790 ve·-

533 2851 630 2905 ro
649 2847 966 2902 numero
991 2820 1136 2897 fuit
1161 2843 1570 2896 Lvnowcvs
1599 2815 1878 2909 noster,
1929 2816 2062 2916 qui
2106 2839 2267 2900 non
2304 2811 2543 2890 solum
2570 2813 2985 2892 domestico
3010 2815 3239 2920 patris

419 2957 428 2983 =·
539 2925 920 3030 exemp10,
971 2943 1048 2998 et
1067 2941 1424 3024 perpetua
1454 2941 1630 2994 cum
1655 2917 1824 2994 viris
1841 2913 2409 3020 prudentiffimis
2434 2911 2969 2992 consuetudine
2988 2941 3029 2992 a
3048 2939 3237 3020 pue⁴
3305 2994 3311 3007 ,

540 3051 633 3110 ro
671 3023 762 3104 ad
791 3022 1095 3102 solidam
1123 3016 1518 3122 quamdam
1545 3041 1630 3093 ac
1650 3013 2037 3094 masculam
2052 3013 2516 3120 prudentiam
2542 3013 2901 3094 formatus
2932 3015 3065 3109 est,
3109 3011 3239 3092 sed

541 3150 787 3209 etnon
803 3123 1206 3204 multorum
1223 3141 1585 3198 annormn
1602 3113 2045 3210 adolescenS,
2094 3115 2443 3194 Boioariis
2477 3115 2791 3221 praeesse
2817 3115 3060 3210 iuffiis,
3110 3137 3233 3210 eo,

543 3254 736 3336 quae
762 3225 1148 3314 didicerat,
1189 3216 1272 3298 in
1297 3217 1426 3298 vsu
1447 3217 1716 3296 habere
1744 3219 2019 3323 coepit.
2158 3217 2365 3295 Hinc
2398 3241 2481 3292 ea
2523 3217 2807 3311 omnia,
2853 3218 2934 3294 in
2964 3216 3238 3310 quibus

543 3333 938 3440 praecipue
965 3321 1286 3402 consistit
1309 3319 1674 3426 regnatrix
1699 3318 1818 3420 illa
1842 3315 2233 3423 prudentia
2244 3371 2269 3411 ,
2316 3316 2397 3394 in
2422 3341 2800 3398 ινοονιοο
2828 3317 3086 3395 nostro
3098 3313 3239 3397 mi·-

419 3519 426 3526 ,
541 3451 794 3516 rantur
825 3448 1131 3508 veteres.
1225 3425 1428 3500 Bene
1453 3445 1538 3498 ac
1563 3417 1924 3526 sapienter
1938 3440 2273 3498 veterum
2306 3441 2463 3495 non
2490 3441 2717 3497 nemo
2748 3419 3013 3498 occinit
3022 3451 3043 3495 2

969 3522 1324 3626 Principis
1354 3519 1454 3620 est
1479 3521 1724 3600 virtus
1743 3521 2063 3599 maxima
2098 3515 2279 3622 noffl’
2286 3516 2484 3620 suos.
3308 3593 3313 3600 .

541 3642 648 3722 Ea
677 3635 907 3718 virtus
934 3631 1014 3710 in
1043 3648 1418 3708 Lvnovico
1441 3619 1724 3706 summa
1761 3643 1989 3726 atque
2016 3621 2283 3704 eximia
2306 3618 2473 3704 fuit.
2568 3623 2774 3747 ljlinc
2798 3641 3107 3720 anemo,
3154 3619 3249 3721 p)

3063 3739 3363 3803 eum'

690 3847 739 3934 1)
785 3841 936 3916 Lib.
960 3839 1049 3917 11.
1077 3837 1240 3932 (hp.
1283 3845 1352 3922 8.
1385 3857 1456 3930 p.
1489 3849 1628 3928 578.

691 3949 786 4032 m)
832 3943 1000 4016 Ibid.
1042 3940 1205 4030 Cap.
1237 3963 1303 4028 9.
1328 3961 1400 4034 p.
1431 3949 1570 4024 580.

687 4044 772 4142 n)
821 4045 931 4118 Ad
975 4065 1116 4114 ann.
1148 4047 1288 4128 876.
1662 4133 1676 4142 α
1803 4107 1806 4112 ,

689 4149 762 4236 o)
811 4143 1021 4220 Praef.
1046 4143 1128 4217 ad
1155 4141 1412 4217 Ludou.
1437 4161 1509 4219 v.
1538 4158 1582 4215 ι.
1618 4159 1680 4216 2.
1711 4137 1817 4218 26.
1847 4157 1950 4228 ²7·
1978 4155 2063 4224 33.
2092 4147 2217 4224 135·

697 4249 780 4346 Ρ)
827 4247 997 4325 lbid'
1067 4341 1072 4344 ·
1187 4289 1198 4300 ’
1993 4327 2165 4410 abb
2216 4331 2321 4408 bb
2370 4355 2407 4406 2
