3825 4800
619 385 760 462 542

1235 371 1252 376 ·
1423 325 1864 438 EDICTI
1931 343 2529 436 PERPETVI

625 539 890 636 uersus
917 565 1104 632 eum
1129 539 1216 632 in
1239 535 1542 632 fastum
1567 538 1967 634 afflonem
1996 535 2234 628 dabo.
2281 537 2378 656 g)
2524 561 2529 566 ·

1745 763 1946 826 Tr‘r.

2028 761 2239 823 Lvn.

1153 933 1157 938 -
1257 965 1264 970 ,
1337 877 1506 957 AD
1567 875 2428 960 EXHIBENDVM.
2488 873 2564 976 a)
2680 937 2687 946 .

633 1188 810 1248 nem
824 1218 848 1259 ,
897 1183 978 1264 et
1005 1161 1108 1240 ob
1151 1159 1304 1240 hoc
1333 1161 1610 1258 euenit,
1655 1184 1742 1242 vt
1757 1187 1937 1242 ven-

631 1267 838 1346 ditor
879 1265 1264 1358 liberetur,
1328 1265 1462 1366 qui
1505 1263 1578 1344 se
1622 1264 1937 1344 modum

637 1371 825 1449 intra
896 1390 1182 1446 certum
1242 1365 1448 1444 diem
1563 1363 1937 1444 romiserat

635 1466 778 1548 ads
919 1491 1208 1561 turum,
1265 1492 1408 1545 nec
1451 1465 1762 1546 ᾱιτεὲὶαε
1795 1493 1939 1545 nec

635 1570 802 1648 vtih
831 1572 1008 1649 huic
1049 1569 1316 1650 astioni
1357 1569 1566 1649 locus
1597 1569 1740 1665 est,
1807 1565 1936 1648 sed

635 1670 909 1750 maioni
947 1672 1044 1750 de
1077 1671 1284 1751 dolo.
1380 1673 1456 1750 Si
1497 1694 1740 1750 emtor
1763 1695 1939 1750 cum

637 1773 1035 1856 venditore
1067 1775 1238 1878 agit,
1280 1771 1695 1854 mensorem
1717 1775 1936 1854 etiam

637 1877 1048 1954 conuenire
1091 1877 1372 1980 potest,
1435 1873 1562 1954 sed
1597 1897 1763 1954 tum
1805 1874 1953 1952 de--

639 2001 852 2056 mum
893 1974 1484 2080 consequuturus
1527 1977 1839 2079 aliquid,
1886 1971 1941 2051 fi

639 2103 682 2158 a
729 2077 1120 2158 venditore
1190 2077 1376 2156 nihil
1449 2077 1668 2156 conse
1723 2079 1949 2156 uitur.

643 2179 886 2286 Qod
915 2177 966 2258 fi
993 2205 1152 2258 non
1202 2178 1298 2262 de
1329 2201 1495 2260 toto
1523 2205 1653 2258 mo
1707 2205 1782 2275 o,
1815 2176 1950 2282 qui

641 2281 934 2378 deerat,
1009 2307 1184 2360 cum
1225 2282 1618 2361 venditore
1665 2281 1904 2362 astum
1922 2331 1952 2374 2

639 2383 773 2465 sed
800 2383 897 2462 de
935 2385 1260 2477 minore,
1320 2383 1417 2463 de
1459 2381 1747 2465 reliduo
1774 2408 1949 2461 cum

645 2484 986 2567 mensore
1011 2486 1124 2587 agi
1206 2484 1422 2563 otest.
1477 2510 1760 2563 vuum.
1805 2482 1952 2561 Lib.

647 2586 914 2671 XXIV.
941 2586 1048 2663 ad
1169 2584 1278 2661 ia.
1331 2586 1384 2663 l.
1411 2612 1479 2679 5.
1493 2606 1616 2687 pr.
1643 2586 1712 2681 §.
1749 2610 1800 2662 1.
1847 2584 1948 2660 D.

651 2687 800 2767 eod.
837 2688 956 2765 tit.
1055 2685 1408 2789 Denique
1454 2708 1612 2763 non
1661 2684 1772 2761 est
1805 2682 1949 2761 du·-

649 2789 860 2869 bium
873 2842 898 2882 ,
953 2788 1148 2890 quin·
1168 2783 1221 2864 fi
1244 2786 1380 2889 qui
1422 2810 1566 2891 pro
1609 2782 1952 2865 mensore

647 2886 1107 2983 fideiufferit‚
1187 2912 1362 2967 eum
1409 2914 1507 2967 ex
1552 2910 1704 2966 arte
1739 2912 1951 2965 men-

647 2990 888 3071 suram
907 2989 1276 3084 murm,
1330 3014 1427 3067 ex
1469 2989 1708 3093 iisque
1745 2989 1954 3083 dein-7

649 3092 753 3172 de
793 3092 1055 3196 aliquis
1099 3112 1514 3170 conuentus
1554 3089 1957 3170 contendat

652 3217 948 3273 ceteros
981 3191 1340 3273 soluendo
1364 3192 1545 3289 effe,
1586 3193 1806 3271 etiam
1821 3215 1951 3269 ex-

653 3322 744 3375 ce
799 3298 912 3373 tio
948 3294 1018 3373 ei
1049 3294 1286 3375 danda
1317 3294 1438 3393 fit,
1470 3292 1550 3394 fi
1579 3320 1716 3373 non
1743 3316 1820 3371 et
1849 3292 1954 3371 illa·

638 3398 724 3502 fi
757 3398 976 3477 nendo
997 3394 1173 3496 sim.
1274 3401 1383 3475 Ita
1426 3396 1576 3473 huc
1635 3390 1954 3472 referen-

655 3500 800 3577 dus
838 3518 1092 3577 textus
1145 3496 1657 3575 celeberrimus
1697 3521 1957 3577 PAvLu

655 3601 810 3683 Lib.
832 3602 1063 3679 XXV.
1104 3599 1208 3679 ad
1241 3598 1456 3680 Edia.
1499 3599 1553 3679 l.
1587 3612 1692 3687 28.
1725 3602 1829 3679 D.
1867 3598 1959 3677 de

595 3796 598 3801 ,
639 3696 1028 3809 fideiuffor.

654 3858 664 3865 -
761 3807 840 3907 g)
885 3802 1246 3883 sidionem
1283 3802 1526 3903 daha]
1624 3802 1835 3881 Haec
1881 3826 1961 3879 a·

657 3904 811 3981 &io
833 3890 1102 3983 ‘heredi
1121 3902 1616 4007 similibusque
1633 3901 1985 4008 personis,

659 4004 906 4081 datur:
954 4004 1078 4083 sed
1109 4007 1190 4085 in
1215 4004 1522 4085 heredes
1551 4003 1961 4108 similesque

529 4152 540 4163 -
653 4102 1002 4211 personas
1035 4130 1132 4185 ex
1172 4107 1574 4212 Pomponii
1611 4106 1963 4185 sententia

477 4220 485 4233 '
659 4206 1084 4315 denegatur.
1171 4232 1457 4299 muln.
1499 4210 1648 4294 Lib.
1691 4211 1963 4295 XXIV.

3044 975 3345 1076 (unt.-

2030 1161 2141 1243 ad
2166 1162 2380 1244 Edia.
2429 1161 2481 1240 l.
2506 1185 2570 1254 3.
2603 1161 2671 1258 ς.
2696 1179 2767 1254 5.
2796 1155 2897 1238 D.
2924 1160 3073 1242 eod.
3114 1163 3339 1246 Eam-

2032 1264 2209 1346 dem
2337 1284 2673 1368 rpetuam
2711 1259 2888 1355 effe,
2948 1263 3047 1342 ait
3082 1290 3347 1346 PAVLL-

2031 1367 2181 1446 Lib.
2253 1467 2270 1482 .
2333 1467 2349 1482 .
2392 1420 2429 1480 .·
2459 1363 2564 1444 ad
2592 1361 2807 1479 Εᾷἱέῖ.
2856 1365 2905 1443 l.
2940 1368 3151 1483 4.D.
3187 1367 3341 1450 eoae

2088 1491 2205 1546 uia
2249 1489 2543 1548 imnum
2587 1489 2695 1543 rei
2738 1489 2898 1544 non
2938 1493 2979 1544 a
3012 1491 3344 1546 circum·

2034 1493 2426 1674 scriptione
2444 1631 2470 1668 ‚
2510 1565 2636 1664 sed
2674 1591 2715 1643 a
2746 1565 3079 1674 suscepto
3104 1557 3377 1676 negoss,

2036 1671 2149 1750 tio
2181 1669 2541 1774 originem
2580 1672 2967 1776 acceperit.

2136 1776 2205 1871 a)
2250 1799 2356 1850 AD.
2420 1777 2955 1872 Exnmsswnvm]
3078 1775 3348 1854 Proxi-

2038 1898 2205 1956 mus
2264 1871 2411 1952 fuit
2450 1871 2710 1952 titulus
2754 1872 2851 1952 de
2904 1875 3191 1954 afflone
3244 1873 3345 1956 ad

2040 2001 2548 2071 emmenum,
2629 1972 2753 2057 seu
2770 2031 2797 2072 ‚
2877 1999 2962 2054 vt
3010 2004 3049 2054 a
3096 1978 3349 2061 Plinio

2041 2073 2251 2180 prst.
2290 2081 2374 2191 V,
2402 2101 2483 2156 ιι.
2532 2075 2971 2181 adpellant,
3000 2078 3347 2184 formula

2040 2177 2144 2259 ad
2166 2176 2647 2258 exhtbendum.
2742 2181 3103 2284 Qamuis
3142 2185 3355 2264 enim

2042 2280 2123 2363 in
2174 2277 2550 2358 Pandeeiis
2596 2279 2721 2358 ille
2776 2282 3032 2364 titulus
3088 2283 3359 2366 locum

2102 2382 2481 2460 roximum
2522 2409 2561 2460 a
2590 2383 2823 2463 tribus
2858 2385 3009 2465 istis
3050 2385 3355 2473 iudiciis

2101 2480 2403 2561 ‘uisoriis
2434 2506 2795 2591 occupet:
2842 2489 2923 2567 in
2950 2487 3209 2569 Edisto
3242 2514 3355 2571 ta·-

2046 2610 2224 2663 men
2252 2584 2376 2665 bic
2400 2586 2707 2667 demum
2752 2590 3007 2669 locum
3050 2590 3353 2673 habuis-

2044 2684 2155 2781 se,
2202 2684 2365 2768 satis
2406 2710 2504 2767 ex
2552 2714 2649 2767 eo
2742 2712 2922 2787 atet,
2996 2694 3207 2797 quod
3252 2694 3355 2775 de

2047 2788 2191 2907 isto
2223 2814 2577 2885 VLmAN.
2600 2718 2809 2873 Lissro
2830 2794 3353 2879 adhchXIV.

2046 2911 2229 2994 agit,
2278 2916 2597 2973 PAVLL‘VS
2647 2920 2831 2973 vero
2866 2898 3215 2977 eumdem
3258 2900 3357 2979 li·-

2048 2994 2171 3072 bro
2220 2994 2366 3071 XX
2368 2996 2485 3110 VJ.
2532 2995 2897 3115 exposuit.
2994 3004 3107 3081 Vt
3144 3001 3358 3091 enim

2050 3094 3231 3314 31ffistffffffgepssffissustffi2
3254 3124 3349 3286 ξς

2048 3296 2311 3377 Εάιᾶο
2384 3296 2481 3375 de
2548 3300 3000 3383 mensoribus
3018 3369 3041 3407 ‚
3135 3304 3353 3411 quod

2050 3420 2302 3479 PAVLL.
2362 3400 2516 3478 Lib.
2559 3404 2791 3483 XXV.
2844 3404 3083 3487 fuerat
3122 3410 3351 3487 inter-
3467 3440 3473 3445 ·

2050 3521 2412 3607 pretatus=
2459 3501 2557 3580 ita
2584 3528 2681 3581 ex
2796 3507 2955 3588 iore
2970 3510 3359 3615 consequi-

2056 3622 2182 3719 tur
2200 3656 2255 3719 ².
2306 3622 2391 3679 vt
2436 3605 2641 3708 prior
2782 3611 2919 3689 erit
2974 3613 3227 3697 titulo,
3254 3612 3356 3693 de

2055 3700 2401 3808 rehglofis
2446 3726 2525 3783 et
2560 3704 2917 3790 sumtibus
2972 3712 3375 3811 funerum‚·

2116 3830 2291 3883 uem
2335 3832 2685 3887 vuumvs
2712 3811 2895 3893 libro
2924 3818 3145 3896 XXV.
3175 3841 3391 3913 erm--⁸

2057 3976 2061 3980 x
2128 3907 2343 4010 equit.
2436 3908 2939 3995 Obseruarunt
2966 3916 3115 3996 hoc
3141 3922 3361 4001 etiam

2058 4033 2221 4127 tum
2234 4008 2439 4088 Hub.
2458 4012 2879 4117 Giphanius
2904 4019 2981 4097 in
2996 4020 3357 4101 Oeconom.

2060 4137 2199 4191 zur.
2225 4131 2304 4212 p.
2338 4137 2475 4205 127.
2519 4134 2681 4193 tum
2724 4118 2865 4197 Iac·
2902 4122 3360 4203 Gothofred.

2058 4214 2136 4293 in
2180 4213 2377 4295 Serie
2404 4215 2644 4324 ‚Ediai
2686 4238 2895 4325 perp.
2956 4222 3089 4305 nifi
3145 4222 3383 4329 quod-

3238 4326 3363 4409 hie
