<?xml version="1.0" encoding="UTF-8"?>
<!DOCTYPE html PUBLIC "-//W3C//DTD XHTML 1.0 Transitional//EN"
    "http://www.w3.org/TR/xhtml1/DTD/xhtml1-transitional.dtd">
<html xmlns="http://www.w3.org/1999/xhtml" xml:lang="en" lang="en">
 <head>
  <title>
</title>
<meta http-equiv="Content-Type" content="text/html;charset=utf-8" />
  <meta name='ocr-system' content='tesseract 3.04.00' />
  <meta name='ocr-capabilities' content='ocr_page ocr_carea ocr_par ocr_line ocrx_word'/>
</head>
<body>
  <div class='ocr_page' id='page_1' title='image "./iogottlheinecci00heingoog_0855.png"; bbox 0 0 3825 4800; ppageno 0'>
   <div class='ocr_carea' id='block_1_1' title="bbox 660 322 3018 493">
    <p class='ocr_par' dir='ltr' id='par_1_1' title="bbox 660 322 3018 493">
     <span class='ocr_line' id='line_1_1' title="bbox 660 322 3018 493; baseline -0.004 -19"><span class='ocrx_word' id='word_1_1' title='bbox 660 322 801 493; x_wconf 58' lang='lat'>836</span> <span class='ocrx_word' id='word_1_2' title='bbox 998 386 1509 472; x_wconf 79' lang='lat' dir='ltr'>HISTORIA</span> <span class='ocrx_word' id='word_1_3' title='bbox 1580 386 1725 467; x_wconf 82' lang='lat' dir='ltr'>ET</span> <span class='ocrx_word' id='word_1_4' title='bbox 1784 383 1963 465; x_wconf 74' lang='lat' dir='ltr'>RES</span> <span class='ocrx_word' id='word_1_5' title='bbox 2011 382 2428 467; x_wconf 80' lang='lat' dir='ltr'>GESTAE</span> <span class='ocrx_word' id='word_1_6' title='bbox 2486 352 3018 468; x_wconf 76' lang='lat' dir='ltr'>LvDovl&#39;cl</span> 
     </span>
    </p>
   </div>
   <div class='ocr_carea' id='block_1_2' title="bbox 592 566 3424 1971">
    <p class='ocr_par' dir='ltr' id='par_1_2' title="bbox 592 566 3424 1971">
     <span class='ocr_line' id='line_1_2' title="bbox 662 566 3373 666; baseline -0.003 -11"><span class='ocrx_word' id='word_1_7' title='bbox 662 576 911 659; x_wconf 83' lang='lat' dir='ltr'>dentia</span> <span class='ocrx_word' id='word_1_8' title='bbox 964 574 1085 655; x_wconf 87' lang='lat' dir='ltr'>sua</span> <span class='ocrx_word' id='word_1_9' title='bbox 1130 572 1467 653; x_wconf 79' lang='lat' dir='ltr'>effecifl‘et</span> <span class='ocrx_word' id='word_1_10' title='bbox 1480 628 1505 666; x_wconf 93' lang='lat'>,</span> <span class='ocrx_word' id='word_1_11' title='bbox 1568 593 1655 665; x_wconf 79' lang='lat' dir='ltr'>vt</span> <span class='ocrx_word' id='word_1_12' title='bbox 1700 592 2120 649; x_wconf 74' lang='lat' dir='ltr'>LOTHARIVS</span> <span class='ocrx_word' id='word_1_13' title='bbox 2171 566 2690 647; x_wconf 82' lang='lat' dir='ltr'>suicommodi</span> <span class='ocrx_word' id='word_1_14' title='bbox 2715 568 2994 648; x_wconf 80' lang='lat' dir='ltr'>oblitus</span> <span class='ocrx_word' id='word_1_15' title='bbox 3027 570 3201 649; x_wconf 83' lang='lat' dir='ltr'>cu‘m</span> <span class='ocrx_word' id='word_1_16' title='bbox 3231 570 3373 661; x_wconf 81' lang='lat' dir='ltr'>fra-</span> 
     </span>
     <span class='ocr_line' id='line_1_3' title="bbox 662 669 3416 783; baseline -0.003 -24"><span class='ocrx_word' id='word_1_17' title='bbox 662 684 895 762; x_wconf 89' lang='lat' dir='ltr'>tribus</span> <span class='ocrx_word' id='word_1_18' title='bbox 928 681 1009 759; x_wconf 88' lang='lat' dir='ltr'>in</span> <span class='ocrx_word' id='word_1_19' title='bbox 1038 679 1339 783; x_wconf 83' lang='lat' dir='ltr'>gratiam</span> <span class='ocrx_word' id='word_1_20' title='bbox 1364 675 1642 769; x_wconf 85' lang='lat' dir='ltr'>redire,</span> <span class='ocrx_word' id='word_1_21' title='bbox 1670 697 1898 777; x_wconf 86' lang='lat' dir='ltr'>quam</span> <span class='ocrx_word' id='word_1_22' title='bbox 1931 672 2118 775; x_wconf 85' lang='lat' dir='ltr'>patri</span> <span class='ocrx_word' id='word_1_23' title='bbox 2145 669 2488 747; x_wconf 85' lang='lat' dir='ltr'>aduersus</span> <span class='ocrx_word' id='word_1_24' title='bbox 2521 672 2800 749; x_wconf 87' lang='lat' dir='ltr'>horum</span> <span class='ocrx_word' id='word_1_25' title='bbox 2857 674 3145 769; x_wconf 78' lang='lat' dir='ltr'>confilia</span> <span class='ocrx_word' id='word_1_26' title='bbox 3173 677 3416 751; x_wconf 83' lang='lat' dir='ltr'>auxi--</span> 
     </span>
     <span class='ocr_line' id='line_1_4' title="bbox 664 773 3376 881; baseline -0.004 -18"><span class='ocrx_word' id='word_1_27' title='bbox 664 783 774 866; x_wconf 85' lang='lat' dir='ltr'>lio</span> <span class='ocrx_word' id='word_1_28' title='bbox 804 784 940 863; x_wconf 81' lang='lat' dir='ltr'>effe</span> <span class='ocrx_word' id='word_1_29' title='bbox 966 781 1231 858; x_wconf 84' lang='lat' dir='ltr'>mallet.</span> <span class='ocrx_word' id='word_1_30' title='bbox 1328 778 1881 881; x_wconf 81' lang='lat' dir='ltr'><strong>Quamobrem,</strong></span> <span class='ocrx_word' id='word_1_31' title='bbox 1923 773 2262 876; x_wconf 78' lang='lat' dir='ltr'>quamuis</span> <span class='ocrx_word' id='word_1_32' title='bbox 2293 774 2798 879; x_wconf 68' lang='lat' dir='ltr'>inexcusabilis</span> <span class='ocrx_word' id='word_1_33' title='bbox 2813 776 3128 853; x_wconf 88' lang='lat' dir='ltr'>omnino</span> <span class='ocrx_word' id='word_1_34' title='bbox 3183 773 3266 857; x_wconf 84' lang='lat' dir='ltr'>fit</span> <span class='ocrx_word' id='word_1_35' title='bbox 3287 776 3376 853; x_wconf 85' lang='lat' dir='ltr'>fi-</span> 
     </span>
     <span class='ocr_line' id='line_1_5' title="bbox 669 872 3378 985; baseline -0.003 -21"><span class='ocrx_word' id='word_1_36' title='bbox 669 888 939 967; x_wconf 88' lang='lat' dir='ltr'>liorum</span> <span class='ocrx_word' id='word_1_37' title='bbox 996 882 1333 985; x_wconf 82' lang='lat' dir='ltr'>impietas</span> <span class='ocrx_word' id='word_1_38' title='bbox 1352 931 1375 976; x_wconf 85' lang='lat'>,</span> <span class='ocrx_word' id='word_1_39' title='bbox 1426 872 1683 981; x_wconf 85' lang='lat' dir='ltr'>illique</span> <span class='ocrx_word' id='word_1_40' title='bbox 1730 878 1982 983; x_wconf 85' lang='lat' dir='ltr'>postea</span> <span class='ocrx_word' id='word_1_41' title='bbox 2023 896 2310 951; x_wconf 83' lang='lat' dir='ltr'>tantum</span> <span class='ocrx_word' id='word_1_42' title='bbox 2357 898 2515 955; x_wconf 88' lang='lat' dir='ltr'>non</span> <span class='ocrx_word' id='word_1_43' title='bbox 2557 900 2831 975; x_wconf 38' lang='lat' dir='ltr'>omnes,</span> <span class='ocrx_word' id='word_1_44' title='bbox 2851 874 3116 955; x_wconf 84' lang='lat' dir='ltr'>iustam</span> <span class='ocrx_word' id='word_1_45' title='bbox 3143 878 3378 955; x_wconf 88' lang='lat' dir='ltr'>diuini</span> 
     </span>
     <span class='ocr_line' id='line_1_6' title="bbox 665 974 3378 1083; baseline -0.004 -19"><span class='ocrx_word' id='word_1_46' title='bbox 665 988 986 1069; x_wconf 85' lang='lat' dir='ltr'>numinis</span> <span class='ocrx_word' id='word_1_47' title='bbox 1012 982 1409 1061; x_wconf 66' lang='lat' dir='ltr'>vindiciam</span> <span class='ocrx_word' id='word_1_48' title='bbox 1440 1004 1597 1058; x_wconf 86' lang='lat' dir='ltr'>non</span> <span class='ocrx_word' id='word_1_49' title='bbox 1624 978 1784 1055; x_wconf 86' lang='lat' dir='ltr'>sero</span> <span class='ocrx_word' id='word_1_50' title='bbox 1802 1034 1823 1071; x_wconf 93' lang='lat'>‚</span> <span class='ocrx_word' id='word_1_51' title='bbox 1850 976 1976 1054; x_wconf 88' lang='lat' dir='ltr'>sed</span> <span class='ocrx_word' id='word_1_52' title='bbox 2007 974 2168 1053; x_wconf 89' lang='lat' dir='ltr'>satis</span> <span class='ocrx_word' id='word_1_53' title='bbox 2199 977 2379 1073; x_wconf 79' lang='lat' dir='ltr'>cite,</span> <span class='ocrx_word' id='word_1_54' title='bbox 2423 976 2830 1083; x_wconf 78' lang='lat' dir='ltr'>persenliffe</span> <span class='ocrx_word' id='word_1_55' title='bbox 2857 977 3274 1079; x_wconf 77' lang='lat' dir='ltr'>videantur:</span> <span class='ocrx_word' id='word_1_56' title='bbox 3303 982 3378 1077; x_wconf 88' lang='lat' dir='ltr'>c)</span> 
     </span>
     <span class='ocr_line' id='line_1_7' title="bbox 592 1077 3424 1181; baseline -0.005 -12"><span class='ocrx_word' id='word_1_57' title='bbox 592 1078 599 1096; x_wconf 65' lang='lat'>⁸</span> <span class='ocrx_word' id='word_1_58' title='bbox 666 1089 1049 1181; x_wconf 84' lang='lat' dir='ltr'>adfirmare</span> <span class='ocrx_word' id='word_1_59' title='bbox 1086 1106 1335 1163; x_wconf 87' lang='lat' dir='ltr'>tamen</span> <span class='ocrx_word' id='word_1_60' title='bbox 1374 1108 1534 1162; x_wconf 89' lang='lat' dir='ltr'>non</span> <span class='ocrx_word' id='word_1_61' title='bbox 1558 1082 1859 1175; x_wconf 89' lang='lat' dir='ltr'>dubito,</span> <span class='ocrx_word' id='word_1_62' title='bbox 1914 1080 2100 1181; x_wconf 88' lang='lat' dir='ltr'>quin</span> <span class='ocrx_word' id='word_1_63' title='bbox 2143 1079 2420 1156; x_wconf 88' lang='lat' dir='ltr'>malum</span> <span class='ocrx_word' id='word_1_64' title='bbox 2464 1080 2661 1157; x_wconf 87' lang='lat' dir='ltr'>istud</span> <span class='ocrx_word' id='word_1_65' title='bbox 2695 1078 2835 1155; x_wconf 75' lang='lat' dir='ltr'>‘suo</span> <span class='ocrx_word' id='word_1_66' title='bbox 2876 1077 3004 1157; x_wconf 84' lang='lat' dir='ltr'>fibi</span> <span class='ocrx_word' id='word_1_67' title='bbox 3033 1080 3372 1158; x_wconf 82' lang='lat' dir='ltr'>iumento</span> <span class='ocrx_word' id='word_1_68' title='bbox 3409 1152 3424 1165; x_wconf 80' lang='grc'>,</span> 
     </span>
     <span class='ocr_line' id='line_1_8' title="bbox 668 1180 3376 1291; baseline -0.006 -16"><span class='ocrx_word' id='word_1_69' title='bbox 668 1192 1037 1275; x_wconf 89' lang='lat' dir='ltr'>inuenerit</span> <span class='ocrx_word' id='word_1_70' title='bbox 1082 1211 1326 1291; x_wconf 87' lang='lat' dir='ltr'>pater,</span> <span class='ocrx_word' id='word_1_71' title='bbox 1354 1188 1675 1287; x_wconf 84' lang='lat' dir='ltr'>‘eiusque</span> <span class='ocrx_word' id='word_1_72' title='bbox 1717 1180 2212 1287; x_wconf 84' lang='lat' dir='ltr'>imprudentia</span> <span class='ocrx_word' id='word_1_73' title='bbox 2261 1203 2486 1287; x_wconf 84' lang='lat' dir='ltr'>atque</span> <span class='ocrx_word' id='word_1_74' title='bbox 2539 1182 2890 1284; x_wconf 88' lang='lat' dir='ltr'>iniquitas</span> <span class='ocrx_word' id='word_1_75' title='bbox 2929 1206 3090 1261; x_wconf 89' lang='lat' dir='ltr'>non</span> <span class='ocrx_word' id='word_1_76' title='bbox 3123 1183 3376 1287; x_wconf 79' lang='lat' dir='ltr'>magiS,</span> 
     </span>
     <span class='ocr_line' id='line_1_9' title="bbox 667 1280 2926 1402; baseline -0.008 -27"><span class='ocrx_word' id='word_1_77' title='bbox 667 1321 895 1402; x_wconf 85' lang='lat' dir='ltr'>quam</span> <span class='ocrx_word' id='word_1_78' title='bbox 922 1292 1245 1368; x_wconf 88' lang='lat' dir='ltr'>filiorum</span> <span class='ocrx_word' id='word_1_79' title='bbox 1268 1288 1602 1391; x_wconf 85' lang='lat' dir='ltr'>impietas</span> <span class='ocrx_word' id='word_1_80' title='bbox 1632 1308 1855 1386; x_wconf 87' lang='lat' dir='ltr'>atque</span> <span class='ocrx_word' id='word_1_81' title='bbox 1880 1282 2357 1387; x_wconf 75' lang='lat' dir='ltr'>ingratitudO,</span> <span class='ocrx_word' id='word_1_82' title='bbox 2385 1282 2470 1363; x_wconf 81' lang='lat' dir='ltr'>fit</span> <span class='ocrx_word' id='word_1_83' title='bbox 2497 1280 2926 1361; x_wconf 85' lang='lat' dir='ltr'>excusanda.</span> 
     </span>
     <span class='ocr_line' id='line_1_10' title="bbox 958 1386 3368 1501; baseline -0.004 -31"><span class='ocrx_word' id='word_1_84' title='bbox 958 1396 1091 1478; x_wconf 88' lang='lat'><em>111.</em></span> <span class='ocrx_word' id='word_1_85' title='bbox 1136 1392 1464 1468; x_wconf 90' lang='lat' dir='ltr'>Primum</span> <span class='ocrx_word' id='word_1_86' title='bbox 1512 1412 1693 1491; x_wconf 85' lang='lat' dir='ltr'>ergo</span> <span class='ocrx_word' id='word_1_87' title='bbox 1730 1389 1809 1464; x_wconf 91' lang='lat' dir='ltr'>in</span> <span class='ocrx_word' id='word_1_88' title='bbox 1850 1410 1947 1461; x_wconf 90' lang='lat' dir='ltr'>eo</span> <span class='ocrx_word' id='word_1_89' title='bbox 2000 1409 2158 1462; x_wconf 91' lang='lat' dir='ltr'>non</span> <span class='ocrx_word' id='word_1_90' title='bbox 2205 1410 2464 1489; x_wconf 82' lang='lat' dir='ltr'>parum</span> <span class='ocrx_word' id='word_1_91' title='bbox 2519 1386 2837 1487; x_wconf 83' lang='lat' dir='ltr'>deliquit</span> <span class='ocrx_word' id='word_1_92' title='bbox 2931 1386 3368 1501; x_wconf 78' lang='lat' dir='ltr'>Imperator,</span> 
     </span>
     <span class='ocr_line' id='line_1_11' title="bbox 726 1483 3367 1591; baseline -0.005 -16"><span class='ocrx_word' id='word_1_93' title='bbox 726 1496 883 1575; x_wconf 89' lang='lat' dir='ltr'>uod</span> <span class='ocrx_word' id='word_1_94' title='bbox 908 1518 1262 1575; x_wconf 67' lang='lat' dir='ltr'>tvm-rime</span> <span class='ocrx_word' id='word_1_95' title='bbox 1304 1491 1515 1567; x_wconf 80' lang='lat' dir='ltr'>vxori</span> <span class='ocrx_word' id='word_1_96' title='bbox 1538 1489 1735 1567; x_wconf 80' lang='lat' dir='ltr'>iusto</span> <span class='ocrx_word' id='word_1_97' title='bbox 1762 1487 1930 1591; x_wconf 88' lang='lat' dir='ltr'>plus</span> <span class='ocrx_word' id='word_1_98' title='bbox 1957 1484 2407 1589; x_wconf 83' lang='lat' dir='ltr'>indulgeret,</span> <span class='ocrx_word' id='word_1_99' title='bbox 2449 1512 2764 1590; x_wconf 89' lang='lat' dir='ltr'>eamque</span> <span class='ocrx_word' id='word_1_100' title='bbox 2803 1483 3138 1563; x_wconf 86' lang='lat' dir='ltr'>solam—m</span> <span class='ocrx_word' id='word_1_101' title='bbox 3175 1484 3367 1589; x_wconf 88' lang='lat' dir='ltr'>pala-</span> 
     </span>
     <span class='ocr_line' id='line_1_12' title="bbox 666 1588 3372 1702; baseline -0.007 -22"><span class='ocrx_word' id='word_1_102' title='bbox 666 1623 781 1680; x_wconf 71' lang='lat' dir='ltr'>tio</span> <span class='ocrx_word' id='word_1_103' title='bbox 808 1620 1103 1702; x_wconf 67' lang='lat' dir='ltr'>regnare</span> <span class='ocrx_word' id='word_1_104' title='bbox 1132 1614 1523 1698; x_wconf 81' lang='lat' dir='ltr'>pateretur.</span> <span class='ocrx_word' id='word_1_105' title='bbox 1621 1595 1718 1667; x_wconf 88' lang='lat' dir='ltr'>Ea</span> <span class='ocrx_word' id='word_1_106' title='bbox 1749 1590 1950 1665; x_wconf 83' lang='lat' dir='ltr'>enim</span> <span class='ocrx_word' id='word_1_107' title='bbox 1985 1608 2068 1663; x_wconf 81' lang='lat' dir='ltr'>vt</span> <span class='ocrx_word' id='word_1_108' title='bbox 2097 1606 2583 1667; x_wconf 81' lang='lat' dir='ltr'>nouercarum</span> <span class='ocrx_word' id='word_1_109' title='bbox 2611 1614 2822 1667; x_wconf 90' lang='lat' dir='ltr'>more</span> <span class='ocrx_word' id='word_1_110' title='bbox 2907 1588 3236 1691; x_wconf 84' lang='lat' dir='ltr'>riuignos</span> <span class='ocrx_word' id='word_1_111' title='bbox 3249 1612 3372 1691; x_wconf 87' lang='lat' dir='ltr'>pa-</span> 
     </span>
     <span class='ocr_line' id='line_1_13' title="bbox 614 1686 3368 1794; baseline -0.006 -13"><span class='ocrx_word' id='word_1_112' title='bbox 614 1770 627 1789; x_wconf 81' lang='lat'>,</span> <span class='ocrx_word' id='word_1_113' title='bbox 668 1704 765 1781; x_wconf 89' lang='lat' dir='ltr'>tri</span> <span class='ocrx_word' id='word_1_114' title='bbox 792 1700 1053 1779; x_wconf 83' lang='lat' dir='ltr'>exosos</span> <span class='ocrx_word' id='word_1_115' title='bbox 1079 1694 1465 1787; x_wconf 87' lang='lat' dir='ltr'>redderet,</span> <span class='ocrx_word' id='word_1_116' title='bbox 1492 1691 1677 1769; x_wconf 85' lang='lat' dir='ltr'>nihil</span> <span class='ocrx_word' id='word_1_117' title='bbox 1704 1686 2012 1769; x_wconf 78' lang='lat' dir='ltr'>faciebat</span> <span class='ocrx_word' id='word_1_118' title='bbox 2045 1690 2344 1791; x_wconf 82' lang='lat' dir='ltr'>reliqui,</span> <span class='ocrx_word' id='word_1_119' title='bbox 2393 1694 2526 1769; x_wconf 82' lang='lat' dir='ltr'>vix</span> <span class='ocrx_word' id='word_1_120' title='bbox 2544 1716 2795 1794; x_wconf 86' lang='lat' dir='ltr'>aequo</span> <span class='ocrx_word' id='word_1_121' title='bbox 2917 1716 3084 1767; x_wconf 87' lang='lat' dir='ltr'>rens</span> <span class='ocrx_word' id='word_1_122' title='bbox 3105 1688 3368 1781; x_wconf 82' lang='lat' dir='ltr'>animo,</span> 
     </span>
     <span class='ocr_line' id='line_1_14' title="bbox 670 1790 3396 1971; baseline -0.007 -88"><span class='ocrx_word' id='word_1_123' title='bbox 670 1824 757 1883; x_wconf 86' lang='lat' dir='ltr'>vt</span> <span class='ocrx_word' id='word_1_124' title='bbox 786 1802 881 1883; x_wconf 83' lang='lat' dir='ltr'>ad</span> <span class='ocrx_word' id='word_1_125' title='bbox 900 1820 1189 1909; x_wconf 87' lang='lat' dir='ltr'>patrem</span> <span class='ocrx_word' id='word_1_126' title='bbox 1214 1816 1501 1901; x_wconf 86' lang='lat' dir='ltr'>pateret</span> <span class='ocrx_word' id='word_1_127' title='bbox 1524 1792 1842 1873; x_wconf 72' lang='lat' dir='ltr'>&#39;aoceffus</span> <span class='ocrx_word' id='word_1_128' title='bbox 1856 1846 1885 1888; x_wconf 85' lang='lat'>,</span> <span class='ocrx_word' id='word_1_129' title='bbox 1971 1791 2094 1879; x_wconf 77' lang='lat' dir='ltr'>,vel</span> <span class='ocrx_word' id='word_1_130' title='bbox 2131 1791 2239 1869; x_wconf 88' lang='lat' dir='ltr'>illi</span> <span class='ocrx_word' id='word_1_131' title='bbox 2280 1792 2514 1873; x_wconf 87' lang='lat' dir='ltr'>libero</span> <span class='ocrx_word' id='word_1_132' title='bbox 2561 1792 2790 1874; x_wconf 85' lang='lat' dir='ltr'>saltim</span> <span class='ocrx_word' id='word_1_133' title='bbox 2835 1794 2998 1871; x_wconf 84' lang='lat' dir='ltr'>eius</span> <span class='ocrx_word' id='word_1_134' title='bbox 3033 1790 3396 1971; x_wconf 51' lang='lat' dir='ltr'>adspggiu·</span> 
     </span>
     <span class='ocr_line' id='line_1_15' title="bbox 1340 1916 3390 1969; baseline -0.004 -44"><span class='ocrx_word' id='word_1_135' title='bbox 1340 1920 1345 1925; x_wconf 85' lang='lat'><em>.</em></span> <span class='ocrx_word' id='word_1_136' title='bbox 3297 1916 3390 1969; x_wconf 84' lang='lat' dir='ltr'>e-·</span> 
     </span>
    </p>
   </div>
   <div class='ocr_carea' id='block_1_3' title="bbox 826 2097 3374 4318">
    <p class='ocr_par' dir='ltr' id='par_1_3' title="bbox 826 2097 3374 3934">
     <span class='ocr_line' id='line_1_16' title="bbox 826 2097 3366 2203; baseline -0.003 -22"><span class='ocrx_word' id='word_1_137' title='bbox 826 2109 897 2197; x_wconf 81' lang='lat' dir='ltr'>c)</span> <span class='ocrx_word' id='word_1_138' title='bbox 932 2128 1245 2184; x_wconf 56' lang='lat' dir='ltr'>vitamve</span> <span class='ocrx_word' id='word_1_139' title='bbox 1284 2124 1357 2177; x_wconf 77' lang='lat' dir='ltr'>et</span> <span class='ocrx_word' id='word_1_140' title='bbox 1384 2124 1635 2177; x_wconf 79' lang='lat' dir='ltr'>mature</span> <span class='ocrx_word' id='word_1_141' title='bbox 1654 2105 1790 2173; x_wconf 82' lang='lat' dir='ltr'>vita</span> <span class='ocrx_word' id='word_1_142' title='bbox 1820 2097 2152 2185; x_wconf 56' lang='lat' dir='ltr'>excellit,</span> <span class='ocrx_word' id='word_1_143' title='bbox 2175 2121 2248 2173; x_wconf 89' lang='lat' dir='ltr'>et</span> <span class='ocrx_word' id='word_1_144' title='bbox 2277 2102 2830 2203; x_wconf 76' lang='lat' dir='ltr'>quemadmodum</span> <span class='ocrx_word' id='word_1_145' title='bbox 2871 2101 3184 2174; x_wconf 75' lang='lat' dir='ltr'>fratribus</span> <span class='ocrx_word' id='word_1_146' title='bbox 3207 2124 3366 2173; x_wconf 84' lang='lat' dir='ltr'>con·</span> 
     </span>
     <span class='ocr_line' id='line_1_17' title="bbox 978 2206 3367 2299; baseline -0.003 -18"><span class='ocrx_word' id='word_1_147' title='bbox 978 2212 1183 2295; x_wconf 77' lang='lat' dir='ltr'>citato</span> <span class='ocrx_word' id='word_1_148' title='bbox 1210 2208 1385 2279; x_wconf 86' lang='lat' dir='ltr'>bello</span> <span class='ocrx_word' id='word_1_149' title='bbox 1414 2210 1589 2278; x_wconf 86' lang='lat' dir='ltr'>ciuili</span> <span class='ocrx_word' id='word_1_150' title='bbox 1622 2208 1938 2299; x_wconf 85' lang='lat' dir='ltr'>exemplo</span> <span class='ocrx_word' id='word_1_151' title='bbox 1977 2206 2380 2297; x_wconf 62' lang='lat' dir='ltr'>puduerat,</span> <span class='ocrx_word' id='word_1_152' title='bbox 2457 2206 2542 2274; x_wconf 80' lang='lat' dir='ltr'>ita</span> <span class='ocrx_word' id='word_1_153' title='bbox 2585 2206 2834 2295; x_wconf 82' lang='lat' dir='ltr'>primus</span> <span class='ocrx_word' id='word_1_154' title='bbox 2875 2228 3109 2277; x_wconf 83' lang='lat' dir='ltr'>eorum</span> <span class='ocrx_word' id='word_1_155' title='bbox 3135 2207 3367 2275; x_wconf 82' lang='lat' dir='ltr'>morari</span> 
     </span>
     <span class='ocr_line' id='line_1_18' title="bbox 964 2304 3372 2402; baseline -0.002 -19"><span class='ocrx_word' id='word_1_156' title='bbox 964 2312 1139 2383; x_wconf 85' lang='lat' dir='ltr'>inter</span> <span class='ocrx_word' id='word_1_157' title='bbox 1166 2311 1465 2383; x_wconf 84' lang='lat' dir='ltr'>homines</span> <span class='ocrx_word' id='word_1_158' title='bbox 1496 2308 1715 2392; x_wconf 65' lang='lat' dir='ltr'>defin,</span> <span class='ocrx_word' id='word_1_159' title='bbox 1766 2310 2119 2400; x_wconf 85' lang='lat' dir='ltr'>diuinaque</span> <span class='ocrx_word' id='word_1_160' title='bbox 2145 2304 2436 2377; x_wconf 76' lang='lat' dir='ltr'>Nemefis</span> <span class='ocrx_word' id='word_1_161' title='bbox 2467 2326 2538 2376; x_wconf 88' lang='lat' dir='ltr'>et</span> <span class='ocrx_word' id='word_1_162' title='bbox 2565 2305 2732 2377; x_wconf 81' lang='lat' dir='ltr'>filios</span> <span class='ocrx_word' id='word_1_163' title='bbox 2757 2310 2900 2379; x_wconf 74' lang='lat' dir='ltr'>eius</span> <span class='ocrx_word' id='word_1_164' title='bbox 2929 2328 3198 2378; x_wconf 87' lang='lat' dir='ltr'>eatenus</span> <span class='ocrx_word' id='word_1_165' title='bbox 3227 2330 3372 2402; x_wconf 85' lang='lat' dir='ltr'>per·</span> 
     </span>
     <span class='ocr_line' id='line_1_19' title="bbox 968 2407 3368 2506; baseline -0.003 -21"><span class='ocrx_word' id='word_1_166' title='bbox 968 2414 1236 2506; x_wconf 87' lang='lat' dir='ltr'>sequuta</span> <span class='ocrx_word' id='word_1_167' title='bbox 1270 2413 1367 2485; x_wconf 86' lang='lat' dir='ltr'>est</span> <span class='ocrx_word' id='word_1_168' title='bbox 1380 2463 1403 2496; x_wconf 92' lang='lat'>,</span> <span class='ocrx_word' id='word_1_169' title='bbox 1454 2433 1533 2482; x_wconf 79' lang='lat' dir='ltr'>vt</span> <span class='ocrx_word' id='word_1_170' title='bbox 1566 2429 1871 2482; x_wconf 86' lang='lat' dir='ltr'>neutrum</span> <span class='ocrx_word' id='word_1_171' title='bbox 1916 2431 2148 2480; x_wconf 86' lang='lat' dir='ltr'>eorum</span> <span class='ocrx_word' id='word_1_172' title='bbox 2191 2407 2614 2480; x_wconf 76' lang='lat' dir='ltr'>success&#39;orem</span> <span class='ocrx_word' id='word_1_173' title='bbox 2643 2411 2979 2496; x_wconf 55' lang='lat' dir='ltr'>habuerit,</span> <span class='ocrx_word' id='word_1_174' title='bbox 3001 2411 3114 2480; x_wconf 73' lang='lat' dir='ltr'>fed</span> <span class='ocrx_word' id='word_1_175' title='bbox 3151 2412 3368 2504; x_wconf 86' lang='lat' dir='ltr'>Pippi-</span> 
     </span>
     <span class='ocr_line' id='line_1_20' title="bbox 977 2507 3364 2608; baseline -0.002 -22"><span class='ocrx_word' id='word_1_176' title='bbox 977 2537 1103 2586; x_wconf 86' lang='lat' dir='ltr'>nus</span> <span class='ocrx_word' id='word_1_177' title='bbox 1132 2535 1285 2584; x_wconf 87' lang='lat' dir='ltr'>natu</span> <span class='ocrx_word' id='word_1_178' title='bbox 1320 2517 1530 2582; x_wconf 85' lang='lat' dir='ltr'>maior</span> <span class='ocrx_word' id='word_1_179' title='bbox 1555 2513 1701 2603; x_wconf 88' lang='lat' dir='ltr'>post</span> <span class='ocrx_word' id='word_1_180' title='bbox 1731 2513 1948 2581; x_wconf 77' lang='lat' dir='ltr'>varios</span> <span class='ocrx_word' id='word_1_181' title='bbox 1985 2511 2197 2594; x_wconf 71' lang='lat' dir='ltr'>casua,</span> <span class='ocrx_word' id='word_1_182' title='bbox 2253 2533 2376 2608; x_wconf 85' lang='lat' dir='ltr'>per</span> <span class='ocrx_word' id='word_1_183' title='bbox 2413 2529 2518 2581; x_wconf 90' lang='lat' dir='ltr'>tot</span> <span class='ocrx_word' id='word_1_184' title='bbox 2561 2507 2924 2584; x_wconf 85' lang='lat' dir='ltr'>discrimina</span> <span class='ocrx_word' id='word_1_185' title='bbox 2963 2535 3186 2583; x_wconf 84' lang='lat' dir='ltr'>rerum</span> <span class='ocrx_word' id='word_1_186' title='bbox 3217 2511 3364 2605; x_wconf 83' lang='lat' dir='ltr'>post</span> 
     </span>
     <span class='ocr_line' id='line_1_21' title="bbox 970 2611 3360 2708; baseline -0.001 -23"><span class='ocrx_word' id='word_1_187' title='bbox 970 2635 1209 2686; x_wconf 82' lang='lat' dir='ltr'>annum</span> <span class='ocrx_word' id='word_1_188' title='bbox 1234 2611 1729 2685; x_wconf 82' lang='lat' dir='ltr'>DCCCLXIHI.</span> <span class='ocrx_word' id='word_1_189' title='bbox 1773 2614 1841 2682; x_wconf 91' lang='lat' dir='ltr'>in</span> <span class='ocrx_word' id='word_1_190' title='bbox 1866 2617 2130 2684; x_wconf 77' lang='lat' dir='ltr'>carcere</span> <span class='ocrx_word' id='word_1_191' title='bbox 2175 2613 2636 2700; x_wconf 68' lang='lat' dir='ltr'>Syluanefiienli</span> <span class='ocrx_word' id='word_1_192' title='bbox 2681 2613 3058 2708; x_wconf 77' lang='lat' dir='ltr'>exspirarit3</span> <span class='ocrx_word' id='word_1_193' title='bbox 3129 2616 3360 2684; x_wconf 79' lang='lat' dir='ltr'>Annal.</span> 
     </span>
     <span class='ocr_line' id='line_1_22' title="bbox 975 2713 3349 2800; baseline -0.002 -12"><span class='ocrx_word' id='word_1_194' title='bbox 975 2717 1215 2788; x_wconf 86' lang='lat' dir='ltr'>Bertin.</span> <span class='ocrx_word' id='word_1_195' title='bbox 1256 2719 1351 2784; x_wconf 83' lang='lat' dir='ltr'>ad</span> <span class='ocrx_word' id='word_1_196' title='bbox 1370 2730 1517 2782; x_wconf 78' lang='lat' dir='ltr'>ann.</span> <span class='ocrx_word' id='word_1_197' title='bbox 1541 2721 1685 2800; x_wconf 79' lang='lat'>864.</span> <span class='ocrx_word' id='word_1_198' title='bbox 1708 2713 1907 2796; x_wconf 84' lang='lat' dir='ltr'>alter,</span> <span class='ocrx_word' id='word_1_199' title='bbox 1958 2715 2230 2784; x_wconf 75' lang='lat' dir='ltr'>Carolus</span> <span class='ocrx_word' id='word_1_200' title='bbox 2247 2761 2267 2796; x_wconf 88' lang='lat'>,</span> <span class='ocrx_word' id='word_1_201' title='bbox 2313 2717 2556 2786; x_wconf 84' lang='lat' dir='ltr'>inuitus</span> <span class='ocrx_word' id='word_1_202' title='bbox 2585 2718 2891 2788; x_wconf 71' lang='lat' dir='ltr'>detonlus</span> <span class='ocrx_word' id='word_1_203' title='bbox 2911 2771 2931 2798; x_wconf 85' lang='lat'>,</span> <span class='ocrx_word' id='word_1_204' title='bbox 2979 2714 3349 2786; x_wconf 81' lang='lat' dir='ltr'>monasterio</span> 
     </span>
     <span class='ocr_line' id='line_1_23' title="bbox 974 2807 3354 2910; baseline -0 -21"><span class='ocrx_word' id='word_1_205' title='bbox 974 2815 1221 2910; x_wconf 77' lang='lat' dir='ltr'>elapsus</span> <span class='ocrx_word' id='word_1_206' title='bbox 1248 2820 1512 2889; x_wconf 88' lang='lat' dir='ltr'>demum</span> <span class='ocrx_word' id='word_1_207' title='bbox 1542 2836 1619 2886; x_wconf 87' lang='lat' dir='ltr'>vt</span> <span class='ocrx_word' id='word_1_208' title='bbox 1651 2807 2201 2908; x_wconf 74' lang='lat' dir='ltr'>Archiepiscopus</span> <span class='ocrx_word' id='word_1_209' title='bbox 2227 2818 2662 2910; x_wconf 83' lang='lat' dir='ltr'>Moguntinus</span> <span class='ocrx_word' id='word_1_210' title='bbox 2696 2841 2868 2891; x_wconf 85' lang='lat' dir='ltr'>anno</span> <span class='ocrx_word' id='word_1_211' title='bbox 2897 2819 3354 2892; x_wconf 79' lang='lat' dir='ltr'>DCCCLXIII.</span> 
     </span>
     <span class='ocr_line' id='line_1_24' title="bbox 976 2917 3361 3014; baseline 0 -24"><span class='ocrx_word' id='word_1_212' title='bbox 976 2918 1337 2994; x_wconf 69' lang='lat' dir='ltr'>decesserit.</span> <span class='ocrx_word' id='word_1_213' title='bbox 1430 2921 1580 2990; x_wconf 85' lang='lat' dir='ltr'>Nec</span> <span class='ocrx_word' id='word_1_214' title='bbox 1613 2939 1981 3000; x_wconf 43' lang='lat' dir='ltr'>toa-immo.</span> <span class='ocrx_word' id='word_1_215' title='bbox 2013 2921 2312 3012; x_wconf 85' lang='lat' dir='ltr'>pepercit</span> <span class='ocrx_word' id='word_1_216' title='bbox 2351 2917 2670 2991; x_wconf 80' lang='lat' dir='ltr'>summum</span> <span class='ocrx_word' id='word_1_217' title='bbox 2713 2925 3014 3006; x_wconf 87' lang='lat' dir='ltr'>Numen,</span> <span class='ocrx_word' id='word_1_218' title='bbox 3078 2923 3196 3014; x_wconf 86' lang='lat' dir='ltr'>qui</span> <span class='ocrx_word' id='word_1_219' title='bbox 3239 2943 3361 2992; x_wconf 85' lang='lat' dir='ltr'>nee</span> 
     </span>
     <span class='ocr_line' id='line_1_25' title="bbox 978 3019 3369 3118; baseline 0.001 -26"><span class='ocrx_word' id='word_1_220' title='bbox 978 3021 1117 3116; x_wconf 88' lang='lat' dir='ltr'>ipse</span> <span class='ocrx_word' id='word_1_221' title='bbox 1144 3025 1505 3117; x_wconf 78' lang='lat' dir='ltr'>quidquam</span> <span class='ocrx_word' id='word_1_222' title='bbox 1544 3041 1637 3092; x_wconf 83' lang='lat' dir='ltr'>ex</span> <span class='ocrx_word' id='word_1_223' title='bbox 1682 3044 1767 3092; x_wconf 86' lang='lat' dir='ltr'>eo</span> <span class='ocrx_word' id='word_1_224' title='bbox 1807 3041 2112 3114; x_wconf 87' lang='lat' dir='ltr'>tempore</span> <span class='ocrx_word' id='word_1_225' title='bbox 2153 3019 2468 3114; x_wconf 86' lang='lat' dir='ltr'>prospere</span> <span class='ocrx_word' id='word_1_226' title='bbox 2517 3019 2740 3115; x_wconf 72' lang='lat' dir='ltr'>gestit,</span> <span class='ocrx_word' id='word_1_227' title='bbox 2811 3043 2886 3095; x_wconf 89' lang='lat' dir='ltr'>et</span> <span class='ocrx_word' id='word_1_228' title='bbox 2927 3023 3369 3118; x_wconf 84' lang='lat' dir='ltr'>posteritatem</span> 
     </span>
     <span class='ocr_line' id='line_1_26' title="bbox 980 3123 3372 3222; baseline 0 -27"><span class='ocrx_word' id='word_1_229' title='bbox 980 3147 1119 3195; x_wconf 86' lang='lat' dir='ltr'>non</span> <span class='ocrx_word' id='word_1_230' title='bbox 1154 3127 1355 3219; x_wconf 81' lang='lat' dir='ltr'>magis</span> <span class='ocrx_word' id='word_1_231' title='bbox 1396 3125 1743 3196; x_wconf 82' lang='lat' dir='ltr'>florentem</span> <span class='ocrx_word' id='word_1_232' title='bbox 1796 3123 2058 3222; x_wconf 86' lang='lat' dir='ltr'>habuit,</span> <span class='ocrx_word' id='word_1_233' title='bbox 2127 3143 2304 3194; x_wconf 78' lang='lat' dir='ltr'>anno</span> <span class='ocrx_word' id='word_1_234' title='bbox 2347 3124 2862 3196; x_wconf 83' lang='lat' dir='ltr'>DCCCLXXV.</span> <span class='ocrx_word' id='word_1_235' title='bbox 2905 3128 3096 3219; x_wconf 84' lang='lat' dir='ltr'>plane</span> <span class='ocrx_word' id='word_1_236' title='bbox 3135 3126 3372 3198; x_wconf 81' lang='lat' dir='ltr'>exstin-</span> 
     </span>
     <span class='ocr_line' id='line_1_27' title="bbox 980 3224 3370 3321; baseline 0.002 -25"><span class='ocrx_word' id='word_1_237' title='bbox 980 3227 1166 3296; x_wconf 65' lang='lat' dir='ltr'>&amp;am-</span> <span class='ocrx_word' id='word_1_238' title='bbox 1262 3247 1653 3298; x_wconf 70' lang='lat' dir='ltr'>Lvnovicvs</span> <span class='ocrx_word' id='word_1_239' title='bbox 1700 3226 1990 3317; x_wconf 78' lang='lat' dir='ltr'>denique</span> <span class='ocrx_word' id='word_1_240' title='bbox 2021 3224 2239 3296; x_wconf 86' lang='lat' dir='ltr'>noster</span> <span class='ocrx_word' id='word_1_241' title='bbox 2265 3247 2388 3296; x_wconf 87' lang='lat' dir='ltr'>nec</span> <span class='ocrx_word' id='word_1_242' title='bbox 2431 3247 2741 3319; x_wconf 87' lang='lat' dir='ltr'>nepotem</span> <span class='ocrx_word' id='word_1_243' title='bbox 2767 3229 2970 3300; x_wconf 77' lang='lat' dir='ltr'>vllam</span> <span class='ocrx_word' id='word_1_244' title='bbox 3007 3231 3370 3321; x_wconf 76' lang='lat' dir='ltr'>legitimum</span> 
     </span>
     <span class='ocr_line' id='line_1_28' title="bbox 977 3325 3370 3424; baseline 0.002 -27"><span class='ocrx_word' id='word_1_245' title='bbox 977 3349 1067 3400; x_wconf 80' lang='lat' dir='ltr'>ex</span> <span class='ocrx_word' id='word_1_246' title='bbox 1095 3325 1381 3399; x_wconf 82' lang='lat' dir='ltr'>filiorum</span> <span class='ocrx_word' id='word_1_247' title='bbox 1422 3330 1589 3420; x_wconf 87' lang='lat' dir='ltr'>triga</span> <span class='ocrx_word' id='word_1_248' title='bbox 1614 3328 1822 3407; x_wconf 82' lang='lat' dir='ltr'>vidit,</span> <span class='ocrx_word' id='word_1_249' title='bbox 1868 3345 1940 3398; x_wconf 91' lang='lat' dir='ltr'>et</span> <span class='ocrx_word' id='word_1_250' title='bbox 1965 3329 2030 3394; x_wconf 86' lang='lat' dir='ltr'>in</span> <span class='ocrx_word' id='word_1_251' title='bbox 2057 3328 2354 3397; x_wconf 87' lang='lat' dir='ltr'>eamdem</span> <span class='ocrx_word' id='word_1_252' title='bbox 2378 3330 2834 3414; x_wconf 84' lang='lat' dir='ltr'>calamitatem,</span> <span class='ocrx_word' id='word_1_253' title='bbox 2899 3332 2966 3402; x_wconf 87' lang='lat' dir='ltr'>in</span> <span class='ocrx_word' id='word_1_254' title='bbox 3021 3351 3220 3424; x_wconf 84' lang='lat' dir='ltr'>quam</span> <span class='ocrx_word' id='word_1_255' title='bbox 3263 3355 3370 3424; x_wconf 78' lang='lat' dir='ltr'>pa-</span> 
     </span>
     <span class='ocr_line' id='line_1_29' title="bbox 972 3427 3374 3512; baseline 0.002 -12"><span class='ocrx_word' id='word_1_256' title='bbox 972 3449 1144 3502; x_wconf 86' lang='lat' dir='ltr'>trem</span> <span class='ocrx_word' id='word_1_257' title='bbox 1174 3432 1579 3512; x_wconf 85' lang='lat' dir='ltr'>coniecerat,</span> <span class='ocrx_word' id='word_1_258' title='bbox 1626 3430 1887 3510; x_wconf 65' lang='lat' dir='ltr'>indidit,</span> <span class='ocrx_word' id='word_1_259' title='bbox 1933 3427 2081 3498; x_wconf 85' lang='lat' dir='ltr'>filiis</span> <span class='ocrx_word' id='word_1_260' title='bbox 2111 3430 2418 3500; x_wconf 81' lang='lat' dir='ltr'>omnibus</span> <span class='ocrx_word' id='word_1_261' title='bbox 2469 3432 2771 3504; x_wconf 83' lang='lat' dir='ltr'>aduersus</span> <span class='ocrx_word' id='word_1_262' title='bbox 2813 3453 2966 3506; x_wconf 80' lang='lat' dir='ltr'>eum</span> <span class='ocrx_word' id='word_1_263' title='bbox 3005 3434 3374 3506; x_wconf 85' lang='lat' dir='ltr'>rebellanti-</span> 
     </span>
     <span class='ocr_line' id='line_1_30' title="bbox 968 3529 3372 3628; baseline 0.001 -24"><span class='ocrx_word' id='word_1_264' title='bbox 968 3529 1113 3614; x_wconf 75' lang='lat' dir='ltr'>bus,-</span> <span class='ocrx_word' id='word_1_265' title='bbox 1158 3553 1445 3625; x_wconf 83' lang='lat' dir='ltr'>eumque</span> <span class='ocrx_word' id='word_1_266' title='bbox 1474 3555 1608 3601; x_wconf 87' lang='lat' dir='ltr'>non</span> <span class='ocrx_word' id='word_1_267' title='bbox 1646 3534 1901 3600; x_wconf 86' lang='lat' dir='ltr'>minore</span> <span class='ocrx_word' id='word_1_268' title='bbox 1933 3531 2386 3602; x_wconf 76' lang='lat' dir='ltr'>adiicientibus</span> <span class='ocrx_word' id='word_1_269' title='bbox 2427 3555 2770 3619; x_wconf 82' lang='lat' dir='ltr'>moerore,</span> <span class='ocrx_word' id='word_1_270' title='bbox 2827 3557 3024 3628; x_wconf 87' lang='lat' dir='ltr'>quam</span> <span class='ocrx_word' id='word_1_271' title='bbox 3063 3537 3225 3606; x_wconf 86' lang='lat' dir='ltr'>olim</span> <span class='ocrx_word' id='word_1_272' title='bbox 3263 3559 3372 3628; x_wconf 83' lang='lat' dir='ltr'>pa·</span> 
     </span>
     <span class='ocr_line' id='line_1_31' title="bbox 984 3633 3366 3730; baseline 0.002 -26"><span class='ocrx_word' id='word_1_273' title='bbox 984 3654 1091 3704; x_wconf 85' lang='lat' dir='ltr'>ter</span> <span class='ocrx_word' id='word_1_274' title='bbox 1120 3655 1210 3704; x_wconf 86' lang='lat' dir='ltr'>ex</span> <span class='ocrx_word' id='word_1_275' title='bbox 1234 3634 1372 3704; x_wconf 81' lang='lat' dir='ltr'>eius</span> <span class='ocrx_word' id='word_1_276' title='bbox 1398 3633 1749 3726; x_wconf 80' lang='lat' dir='ltr'>pertinacia</span> <span class='ocrx_word' id='word_1_277' title='bbox 1778 3654 2190 3726; x_wconf 81' lang='lat' dir='ltr'>conceperat.</span> <span class='ocrx_word' id='word_1_278' title='bbox 2291 3637 2377 3704; x_wconf 87' lang='lat' dir='ltr'>Et</span> <span class='ocrx_word' id='word_1_279' title='bbox 2401 3637 2551 3728; x_wconf 80' lang='lat' dir='ltr'>quis</span> <span class='ocrx_word' id='word_1_280' title='bbox 2589 3639 2883 3730; x_wconf 83' lang='lat' dir='ltr'>ignorat,</span> <span class='ocrx_word' id='word_1_281' title='bbox 2929 3657 3136 3710; x_wconf 87' lang='lat' dir='ltr'>totam</span> <span class='ocrx_word' id='word_1_282' title='bbox 3167 3641 3366 3709; x_wconf 84' lang='lat' dir='ltr'>trium</span> 
     </span>
     <span class='ocr_line' id='line_1_32' title="bbox 974 3732 3368 3832; baseline 0.003 -26"><span class='ocrx_word' id='word_1_283' title='bbox 974 3732 1245 3808; x_wconf 80' lang='lat' dir='ltr'>istorum</span> <span class='ocrx_word' id='word_1_284' title='bbox 1276 3735 1563 3810; x_wconf 80' lang='lat' dir='ltr'>filiorum</span> <span class='ocrx_word' id='word_1_285' title='bbox 1607 3736 1932 3808; x_wconf 87' lang='lat' dir='ltr'>Ludouici</span> <span class='ocrx_word' id='word_1_286' title='bbox 1957 3735 2402 3829; x_wconf 75' lang='lat' dir='ltr'>posteritatem</span> <span class='ocrx_word' id='word_1_287' title='bbox 2431 3739 2819 3832; x_wconf 84' lang='lat' dir='ltr'>legitimam,</span> <span class='ocrx_word' id='word_1_288' title='bbox 2869 3742 3025 3832; x_wconf 82' lang='lat' dir='ltr'>licet</span> <span class='ocrx_word' id='word_1_289' title='bbox 3063 3737 3208 3811; x_wconf 80' lang='lat' dir='ltr'>satis</span> <span class='ocrx_word' id='word_1_290' title='bbox 3248 3763 3368 3812; x_wconf 87' lang='lat' dir='ltr'>nu·</span> 
     </span>
     <span class='ocr_line' id='line_1_33' title="bbox 972 3833 3368 3934; baseline 0.002 -25"><span class='ocrx_word' id='word_1_291' title='bbox 972 3836 1321 3920; x_wconf 82' lang='lat' dir='ltr'>merosam,</span> <span class='ocrx_word' id='word_1_292' title='bbox 1372 3839 1545 3925; x_wconf 86' lang='lat' dir='ltr'>(nam</span> <span class='ocrx_word' id='word_1_293' title='bbox 1570 3837 1709 3912; x_wconf 81' lang='lat' dir='ltr'>v&#39;no</span> <span class='ocrx_word' id='word_1_294' title='bbox 1738 3857 2042 3932; x_wconf 84' lang='lat' dir='ltr'>tempore</span> <span class='ocrx_word' id='word_1_295' title='bbox 2061 3859 2174 3916; x_wconf 71' lang='lat' dir='ltr'>ex.</span> <span class='ocrx_word' id='word_1_296' title='bbox 2195 3839 2318 3908; x_wconf 74' lang='lat' dir='ltr'>illie</span> <span class='ocrx_word' id='word_1_297' title='bbox 2341 3841 2498 3909; x_wconf 67' lang='lat' dir='ltr'>otto</span> <span class='ocrx_word' id='word_1_298' title='bbox 2537 3833 2814 3934; x_wconf 78' lang='lat' dir='ltr'>nepotes</span> <span class='ocrx_word' id='word_1_299' title='bbox 2855 3844 3114 3912; x_wconf 85' lang='lat' dir='ltr'>viderat</span> <span class='ocrx_word' id='word_1_300' title='bbox 3139 3843 3368 3914; x_wconf 82' lang='lat' dir='ltr'>Ludo·</span> 
     </span>
    </p>

    <p class='ocr_par' dir='ltr' id='par_1_4' title="bbox 918 3941 3366 4318">
     <span class='ocr_line' id='line_1_34' title="bbox 918 3941 3366 4034; baseline 0.001 -21"><span class='ocrx_word' id='word_1_301' title='bbox 918 3983 925 3990; x_wconf 90' lang='lat'><strong>·</strong></span> <span class='ocrx_word' id='word_1_302' title='bbox 980 3943 1168 4014; x_wconf 89' lang='lat' dir='ltr'>uicus</span> <span class='ocrx_word' id='word_1_303' title='bbox 1210 3941 1614 4034; x_wconf 86' lang='lat' dir='ltr'>Imperator)</span> <span class='ocrx_word' id='word_1_304' title='bbox 1664 3960 1836 4010; x_wconf 82' lang='lat' dir='ltr'>anno</span> <span class='ocrx_word' id='word_1_305' title='bbox 1900 3941 2565 4016; x_wconf 85' lang='lat' dir='ltr'>Dechxxxvm.</span> <span class='ocrx_word' id='word_1_306' title='bbox 2613 3963 2820 4014; x_wconf 86' lang='lat' dir='ltr'>totam</span> <span class='ocrx_word' id='word_1_307' title='bbox 2861 3943 3202 4028; x_wconf 70' lang='lat' dir='ltr'>defecisse,</span> <span class='ocrx_word' id='word_1_308' title='bbox 3272 3965 3366 4016; x_wconf 86' lang='lat' dir='ltr'>ex</span> 
     </span>
     <span class='ocr_line' id='line_1_35' title="bbox 970 4043 3362 4140; baseline 0 -25"><span class='ocrx_word' id='word_1_309' title='bbox 970 4063 1181 4137; x_wconf 87' lang='lat' dir='ltr'>eaque</span> <span class='ocrx_word' id='word_1_310' title='bbox 1208 4043 1357 4134; x_wconf 88' lang='lat' dir='ltr'>post</span> <span class='ocrx_word' id='word_1_311' title='bbox 1385 4047 1676 4116; x_wconf 82' lang='lat' dir='ltr'>LVIII.</span> <span class='ocrx_word' id='word_1_312' title='bbox 1702 4063 1948 4124; x_wconf 84' lang='lat' dir='ltr'>annos,</span> <span class='ocrx_word' id='word_1_313' title='bbox 1999 4064 2090 4113; x_wconf 84' lang='lat' dir='ltr'>ex</span> <span class='ocrx_word' id='word_1_314' title='bbox 2133 4064 2273 4134; x_wconf 89' lang='lat' dir='ltr'>quo</span> <span class='ocrx_word' id='word_1_315' title='bbox 2317 4045 2487 4134; x_wconf 87' lang='lat' dir='ltr'>patri</span> <span class='ocrx_word' id='word_1_316' title='bbox 2531 4047 2669 4114; x_wconf 82' lang='lat' dir='ltr'>vim</span> <span class='ocrx_word' id='word_1_317' title='bbox 2707 4043 2925 4118; x_wconf 76' lang='lat' dir='ltr'>facere</span> <span class='ocrx_word' id='word_1_318' title='bbox 2971 4067 3362 4140; x_wconf 75' lang='lat' dir='ltr'>coeperant,</span> 
     </span>
     <span class='ocr_line' id='line_1_36' title="bbox 974 4141 3362 4246; baseline -0.001 -30"><span class='ocrx_word' id='word_1_319' title='bbox 974 4145 1305 4216; x_wconf 86' lang='lat' dir='ltr'>neminem</span> <span class='ocrx_word' id='word_1_320' title='bbox 1362 4143 1784 4242; x_wconf 68' lang='lat' dir='ltr'>superfiiiffe?</span> <span class='ocrx_word' id='word_1_321' title='bbox 1866 4144 2065 4246; x_wconf 82' lang='lat' dir='ltr'>Adeo</span> <span class='ocrx_word' id='word_1_322' title='bbox 2114 4141 2311 4233; x_wconf 79' lang='lat' dir='ltr'>iustus</span> <span class='ocrx_word' id='word_1_323' title='bbox 2362 4142 2452 4234; x_wconf 63' lang='lat' dir='ltr'>ast</span> <span class='ocrx_word' id='word_1_324' title='bbox 2495 4150 2674 4218; x_wconf 75' lang='lat' dir='ltr'><em>Deus</em></span> <span class='ocrx_word' id='word_1_325' title='bbox 2687 4195 2708 4230; x_wconf 90' lang='lat'>,</span> <span class='ocrx_word' id='word_1_326' title='bbox 2793 4143 3075 4240; x_wconf 69' lang='lat' dir='ltr'>iustaque</span> <span class='ocrx_word' id='word_1_327' title='bbox 3119 4146 3362 4220; x_wconf 76' lang='lat' dir='ltr'>iudicia</span> 
     </span>
     <span class='ocr_line' id='line_1_37' title="bbox 976 4267 1135 4318; baseline -0.006 -1"><span class='ocrx_word' id='word_1_328' title='bbox 976 4267 1135 4318; x_wconf 74' lang='lat' dir='ltr'>etus.</span> 
     </span>
    </p>
   </div>
   <div class='ocr_carea' id='block_1_4' title="bbox 3707 3831 3722 4753">
    <p class='ocr_par' dir='ltr' id='par_1_5' title="bbox 3707 3831 3722 4753">
     <span class='ocr_line' id='line_1_38' title="bbox 3707 3831 3722 4753; baseline 0 0"><span class='ocrx_word' id='word_1_329' title='bbox 3707 3831 3722 4753; x_wconf 95' lang='lat' dir='ltr'> </span> 
     </span>
    </p>
   </div>
  </div>
 </body>
</html>
