3825 4800
697 374 902 462 Lm.
945 375 1042 457 11.
1091 375 1320 458 CAP.
1345 374 1494 458 ⁴111.
1537 377 1678 460 DE
1719 339 2111 462 sA'Lwo
2168 381 2629 462 IVLIANO
2676 385 2969 468 ποι-ο.
3060 417 3181 506 219

491 566 561 662 §.
603 587 667 636 2.
705 559 804 635 D.
845 561 934 638 de
975 577 1230 659 recept.
1281 581 1358 642 et
1401 559 1530 662 qui
1565 562 1824 641 arbitr.
1873 561 1927 638 l.
1952 571 2013 639 6.
2052 561 2149 638 D.
2196 563 2391 666 quib.
2422 566 2601 644 mod.
2630 561 2877 668 vsusft.
2900 570 3042 648 vel.
3066 568 3177 668 vs:

487 663 728 741 amitt.
775 659 828 738 l.
863 686 966 752 3²·
1019 661 1116 736 D.
1163 659 1250 737 de
1279 655 1540 756 seruit.
1570 661 1933 762 praedior.
1978 663 2229 740 vrban.
2274 664 2507 742 modo
2554 690 2595 740 a
2636 669 3001 744 contrario
3014 721 3041 761 ‚
3088 689 3175 746 vt

493 765 549 841 l.
573 787 679 854 32.
701 763 772 856 5.
805 787 854 838 ι.
881 763 980 838 D.
1011 761 1098 838 de
1121 759 1328 859 legib.
1374 759 1428 836 l.
1451 784 1554 851 25.
1595 761 1693 836 D.
1727 760 1816 837 de
1833 757 2095 861 finit.
2120 765 2373 863 praed.
2414 761 2649 862 rustic.
2694 766 2931 842 modo
2970 794 3007 842 a
3045 790 3175 870 ge-

328 871 337 878 “
491 885 664 940 nere
693 859 784 936 ad
813 857 1128 962 speciem
1141 912 1166 953 ,
1219 880 1302 936 vt
1325 859 1405 936 in
1447 859 1500 937 l.
1523 871 1624 937 26.
1655 862 1752 938 D.
1779 861 1866 937 de
1887 858 2093 957 statu
2131 861 2385 948 homin.
2426 865 2517 940 ab
2562 865 3035 944 antecedente
3076 867 3175 943 ad

491 958 983 1062 consequens»,
1057 981 1142 1038 vt
1187 960 1276 1052 in
1335 959 1387 1036 l.
1433 983 1540 1070 ².7·
1601 959 1698 1037 D.
1744 961 1830 1038 de
1873 961 2109 1062 adopt.
2172 984 2246 1039 et
2304 989 2569 1042 emano.
2632 966 2722 1041 ab
2768 963 3027 1042 effeem
3078 965 3171 1042 ad

491 1059 790 1140 mulsam
805 1113 830 1152 ‚
869 1061 928 1138 l.
957 1085 1056 1151 ²5·
1081 1057 1183 1150 D.
1207 1059 1294 1136 de
1318 1058 1530 1136 minc.
1575 1061 1626 1136 l.
1652 1083 1759 1151 27·
1789 1061 1886 1137 D.
1911 1061 2061 1136 eod.
2104 1061 2157 1141 l.
2179 1087 2305 1156 74.
2334 1065 2403 1158 5.
2431 1091 2495 1140 2.
2542 1064 2595 1141 Ι.
2618 1089 2729 1155 75.
2752 1066 2855 1142 D.
2880 1065 3023 1142 eod.
3047 1064 3173 1143 tit.

493 1189 531 1240 a
557 1181 743 1238 toto.
757 1157 850 1236 nd
873 1180 1155 1262 partem
1173 1210 1200 1253 ,
1247 1160 1300 1236 l.
1321 1183 1442 1251 342·
1468 1160 1536 1254 5.
1568 1160 1704 1236 vlt.
1728 1161 1828 1235 D.
1851 1159 1941 1238 de
1962 1157 2183 1264 vficfr.
2234 1187 2273 1238 a
2318 1162 2603 1238 maiore·
2618 1161 2711 1240 ad
2736 1164 2979 1240 minus
2992 1215 3017 1256 ‚
3048 1165 3175 1255 l.3.

495 1265 592 1340 D.
615 1257 697 1358 fi
725 1257 992 1360 vfufia
1033 1281 1180 1360 pet.
1225 1284 1268 1334 a
1291 1255 1442 1334 fine
1454 1309 1480 1350 ,
1527 1259 1580 1338 l.
1629 1286 1708 1351 4.
1755 1260 1854 1336 D.
1901 1261 2047 1336 eod.
2104 1262 2223 1338 tit.
2284 1261 2339 1340 l.
2378 1285 2473 1352 19.
2514 1260 2615 1338 D.
2659 1263 2745 1338 de
2790 1263 2934 1340 reb.
2982 1262 3173 1340 cred.

495 1387 532 1438 a
559 1359 990 1442 definitione
1005 1413 1030 1452 ,
1077 1361 1130 1436 l.
1171 1386 1287 1452 42·
1327 1358 1424 1434 D.
1475 1360 1579 1437 ad
1613 1360 1754 1460 leg.
1795 1361 1868 1435 A
1918 1361 2063 1437 uill.
2126 1362 2179 1436 l.
2222 1387 2340 1454 40.
2387 1360 2484 1436 D.
2521 1361 2609 1438 de
2648 1363 2895 1438 παγαί.
2924 1362 3173 1439 αᾶὶοη.

491 1459 784 1540 ααιιίῑέι
823 1457 916 1536 ad
969 1457 1340 1548 effetfhlm,
1401 1459 1456 1534 l.
1503 1485 1604 1551 51.
1643 1462 1738 1536 D.
1773 1484 1826 1534 a
1906 1458 1981 1535 le
2028 1513 2047 1534 .
2084 1461 2353 1561 Aquill.
2394 1459 2484 1536 ab
2510 1458 2815 1536 absurdo
2834 1469 2879 1552 ,'
2915 1461 2967 1536 l.
3015 1460 3173 1537 ead.

491 1555 864 1660 Phyfi‘cam
895 1557 1152 1639 Iuliani
1191 1555 1774 1636 obseruationem
1803 1558 1949 1634 iam
2005 1581 2185 1660 upra
2234 1557 2555 1636 vidimus
2594 1571 2691 1636 ex
2759 1561 2811 1636 l.
2827 1569 2930 1652 36.
2959 1561 3057 1635 D.
3084 1559 3173 1634 de

474 1659 802 1762 filation.
902 1661 1206 1760 Nempe
1237 1681 1472 1759 quum
1499 1657 1606 1736 ibi
1641 1655 1984 1734 inciderit
2026 1658 2107 1733 in
2132 1657 2634 1757 quaestionem
2649 1711 2675 1752 ‚
2744 1683 2971 1760 quam
3011 1681 3175 1760 par-

491 1785 644 1842 tem
668 1759 916 1838 totius.
941 1756 1174 1835 debiti
1213 1757 1427 1860 petiti
1454 1755 1654 1834 suam
1699 1755 1912 1834 faciat
1956 1753 2151 1833 filius
2196 1756 2353 1834 eius
2366 1811 2390 1850 ,
2448 1759 2587 1858 qui
2616 1783 2927 1836 vxorcm
2965 1781 3177 1861 prae-

487 1882 830 1965 gnantem
858 1856 1197 1958 reliquit?
1235 1856 1328 1934 ad
1355 1854 1592 1934 Vrseii
1621 1857 1910 1934 Ferocis
1946 1852 2391 1934 dedfionem
2416 1860 2737 1950 notauit:
2798 1857 3041 1933 Verius
3054 1855 3177 1952 est,
3324 1885 3333 1892 ·

489 1985 602 2038 me
628 1984 786 2036 eam
803 1977 1096 2059 partem
1109 1951 1516 2056 perdidtffl‚
1555 1977 1692 2054 pro
1719 1955 1872 2056 qua'
1897 1953 2107 2031 heres
2112 1953 2397 2056 futffem
2410 2007 2435 2046 ‚
2482 1980 2867 2058 antequam
2896 1976 3175 2030 certum

478 2053 725 2164 fiufflt
737 2107 764 2148 ‚
809 2055 1156 2130 neminem
1185 2051 1374 2151 nafti
1387 2103 1412 2142 ‚
1460 2075 1592 2129 aut
1620 2074 1961 2151 quartam
1978 2072 2291 2150 partem,
2340 2053 2517 2154 quia
2541 2075 2695 2130 tres
2728 2051 2917 2148 nafii
2924 2072 3174 2149 potue-

497 2175 674 2234 runt
689 2205 713 2244 ,
753 2172 886 2228 aut
895 2145 1218 2246 sextam,
1258 2150 1440 2249 quia
1463 2150 1802 2253 quinque.
1895 2149 2307 2254 Qumque
2344 2173 2503 2225 non
2546 2147 2931 2226 defuturos
2970 2169 3176 2249 prae-

495 2251 821 2347 uideret,
871 2248 1004 2349 qui
1035 2243 1376 2324 irrideam·
1400 2245 2049 2342 hanc„decifionem
2061 2299 2086 2341 ‚
2134 2271 2277 2326 nec
2303 2267 2571 2354 putent
2600 2247 2758 2326 fieri
2791 2244 3029 2351 posse,
3095 2269 3179 2324 vt

495 2373 618 2439 tot
637 2349 848 2427 liberi
883 2371 1036 2427 vno
1063 2368 1274 2450 partu
1299 2342 1726 2431 fundanture
1775 2342 2076 2438 addidit,
2125 2369 2205 2427 et
2226 2347 2651 2427 auetoritate
2681 2345 3177 2453 physicorum,

491 2476 572 2533 et
585 2450 716 2529 =illa
741 2472 986 2533 rerum
1013 2448 1338 2548 magistra
1354 2498 1380 2537 ‚
1425 2474 1524 2527 ex
1579 2446 1872 2525 erientia
1887 2499 1912 2540 ‚
1972 2448 2299 2525 constare
2408 2448 2687 2549 uiaque
2726 2444 2931 2549 poffe,
2952 2443 3175 2523 nasci:

493 2577 663 2632 nam
689 2574 764 2627 et
791 2470 1620 2727 Aristotelemscripust'ffi,
1657 2548 1991 2723 fuinque
2012 2544 2203 2648 nesti
2230 2472 2449 2651 post,
2514 2550 2691 2660 quiq
2728 2546 2992 2629 vuluae
3016 2571 3172 2625 mu-

497 2656 757 2759 ferum
781 2648 1070 2737 tandem
1097 2667 1416 2748 receptae
1491 2674 1542 2726 a
1564 2646 1660 2725 ha
1699 2673 1820 2724 ere
1853 2644 2105 2749 poffint
2115 2700 2140 2741 ,
2216 2670 2293 2726 et
2328 2640 2459 2752 effl-
2504 2648 2875 2724 multarem
2911 2646 3175 2723 Romae

494 2750 1056 2833 Alexandrinam
1079 2748 1168 2827 ab
1197 2748 1400 2863 Aegy
1445 2770 1518 2824 to
1531 2801 1556 2842 ‚
1600 2770 1788 2849 quae
1811 2748 2147 2849 quinque
2174 2745 2403 2840 fimul
2430 2746 2833 2849 pepererit,
2898 2766 2974 2819 et
3012 2765 3173 2822 tum
3250 2746 3259 2755 ’

496 2850 822 2935 habuerit
867 2849 1277 2942 incolumes,
1339 2876 1366 2925 ι
1412 2872 1554 2952 que
1579 2870 1656 2924 et
1682 2848 1756 2923 in
1778 2850 2103 2949 Aegypto
2142 2842 2746 2946 adfirmatumfibi
2774 2838 2923 2945 effe.
3016 2845 3173 2921 Lo-

494 2978 666 3032 cum
693 2946 1106 3027 Aristotelis
1139 2946 1236 3023 de
1262 2949 1596 3049 quinque
1625 2945 1884 3021 vuluae
1911 2943 2386 3049 receptaculis
2416 2942 2643 3019 hodie
2674 2967 2833 3018 non
2873 2942 3175 3034 exstare,
3294 2940 3304 2945 ’

497 3054 830 3159 plerique
859 3044 1274 3128 obseruant:
1325 3048 1514 3151 quin
1535 3070 1704 3124 eum
1731 3043 2158 3121 sententiam
2182 3042 2375 3119 illam
2387 3096 2412 3134 ‚
2460 3066 2683 3143 quam
2728 3039 3045 3117 lulianus
3070 3040 3175 3121 illi

497 3152 787 3245 tribuit,
836 3146 952 3229 &a
978 3155 1140 3227 τέτο
1185 3154 1398 3227 πλὸω
1440 3148 1708 3247 ’γίνεθαι
1729 3142 1878 3240 ,Suae
1901 3148 1983 3223 τό
2027 3146 2241 3222 τόπων
2278 3142 2546 3231 πλῆθος
2580 3144 2691 3236 καὶ
2730 3140 2863 3223 ταῖς
2898 3152 3175 3229 aarum·

501 3254 685 3339 δὸνας
701 3306 722 3343 ,
769 3256 900 3349 ὀυχ
925 3248 986 3327 ἓν
1013 3250 1210 3345 ὅσοις,
1257 3246 1453 3352 quod
1469 3246 1682 3325 multi
1713 3264 2183 3347 gener-emm,
2283 3266 2369 3321 ro
2410 3252 2699 3319 numero
2746 3238 3051 3315 locorum
3100 3258 3175 3313 et

496 3351 1018 3443 acembulqrum
1031 3403 1054 3441 ‚
1100 3374 1288 3455 quae
1317 3374 1532 3425 vnum
1559 3372 1696 3423 non
1705 3344 1884 3445 fient
1894 3398 1920 3437 ,
1966 3342 2191 3448 explo
2244 3366 2365 3419 ere
2377 3396 2402 3435 ,
2449 3364 2607 3417 eam
2666 3364 2761 3415 ue
2788 3334 2965 3417 ὀυδὲν
3004 3335 3173 3435 εἶναι,

495 3452 704 3533 nihili
731 3446 856 3553 effe
872 3504 897 3543 ,
943 3468 1198 3552 putare
1225 3472 1320 3525 ex
1368 3448 1514 3525 Lib.
1537 3448 1660 3523 IV.
1687 3446 1777 3523 de
1789 3468 2030 3544 gener.
2060 3443 2349 3523 animal.
2378 3442 2539 3544 Cap.
2570 3442 2617 3514 I
2672 3498 2691 3517 .
2724 3432 3175 3515 animaduer-

497 3556 746 3634 timus.
841 3554 1016 3629 Nec
1055 3549 1204 3625 Lib.
1249 3550 1402 3626 VII.
1429 3544 1688 3644 Hssor.
1715 3546 1931 3623 anim.
1958 3546 2120 3645 Cap.
2147 3546 2270 3619 IV.
2323 3541 2447 3619 vbi
2476 3540 2571 3617 de
2603 3532 2995 3617 numeroso
3014 3532 3175 3650 foe-

493 3677 580 3733 tu
621 3653 950 3738 humano
991 3672 1086 3725 ex
1125 3649 1462 3725 instituto
1502 3646 1684 3750 agit,
1749 3644 1844 3721 de
1897 3670 1951 3746 q
2008 3645 2023 3659 ‘
2135 3665 2231 3720 ue
2276 3642 2427 3719 istis
2477 3640 2665 3717 vteri
2706 3634 3177 3739 receptacuhs

499 3752 906 3872 quidquam
931 3748 1260 3851 legimus.
1383 3746 1528 3825 Sed
1569 3770 1724 3824 non
1769 3744 1898 3821 est·
1932 3743 2079 3821 ver'
2110 3742 2357 3834 uuile,-
2391 3738 2752 3821 Iulianum
2792 3756 3177 3849 perperam

497 3878 718 3940 citare
755 3848 1226 3929 Aristotelem
1238 3902 1262 3942 ‚
1309 3850 1555 3925 virum
1581 3842 2157 3924 honestiffimum
2175 3896 2200 3934 ,
2250 3862 2327 3918 et
2362 3838 2587 3917 multa
2630 3833 2903 3939 scripfit
2985 3832 3175 3911 hilo-

496 3954 576 4035 so
633 3954 769 4031 hus
784 4005 806 4043 ,
855 3974 1046 4051 quae
1070 3948 1157 4025 ad
1186 3973 1322 4027 nos
1355 3971 1512 4027 non
1539 3966 2067 4052 peruenerunt,
2114 3966 2253 4019 eeu
2280 3938 2531 4017 v'dere
2558 3938 2664 4013 est
2688 3934 2884 4039 apud
2962 3934 3177 4012 abi-ie.

500 4050 828 4133 szlioth.
861 4052 1106 4129 Graec.
1148 4052 1288 4142 III,
1317 4072 1388 4142 7.
1411 4071 1486 4151 p.
1533 4065 1665 4141 185.
1687 4048 1902 4124 inter
1929 4067 2117 4145 quae
2166 4041 2385 4117 etiam
2422 4036 2588 4115 sunt
2642 4041 2975 4133 ἀνατομῶν
3016 4034 3177 4111 libri

435 4232 442 4238 .
497 4155 670 4235 οὸὶο
681 4206 706 4247 ,
753 4174 832 4233 et
859 4152 1132 4251 ἐκλογαὶ
1165 4154 1504 4249 airon-033⁹
1529 4152 1581 4229 σί
1595 4210 1617 4251 ,
1667 4168 1995 4328 ςυὲωω
2015 4140 2353 4223 meminit
2376 4138 2693 4244 Diogen.
2721 4140 2957 4216 Lae'rt.
2984 4140 3069 4229 V,-
3083 4156 3190 4304 ᾗ

1845 4268 1890 4325 e
1938 4270 1981 4324 2
3111 4256 3135 4303 ι
