3825 4800
408 3570 413 3575 ,
512 3526 607 3579 ne
653 3517 929 3578 remota
963 3498 1194 3575 totius
1234 3494 1642 3573 iudiciariae
1725 3508 1849 3570 ote

474 3666 479 3671 .
513 3602 687 3680 ‘dine
714 3594 1107 3707 poffidere,
1141 3618 1217 3673 et
1241 3597 1493 3675 nostro
1528 3520 1839 3675 fideiiter
1856 3617 2112 3713 parere
2149 3596 2509 3701 Imperi0‚
2541 3621 2765 3701 atque
2807 3624 2949 3701 pro
2977 3604 3185 3705 inco-

607 387 1133 482 Lvnowcr
1167 393 1771 518 GERMANJOE
1792 507 1798 522 ι
1817 363 2242 476 ms‘ron.
2287 392 2980 525 vasTRANs..
3021 392 3152 502 9²37

405 656 415 666 .
466 585 913 660 Francorum
940 576 1187 658 sedem
1230 547 1902 674 qulefinefsanaae
1937 577 2208 656 Mariae
2219 577 2878 682 semper-Virginis,
2913 583 2991 660 in
3022 607 3150 664 cu-

468 683 585 759 ius
626 706 874 760 amore
900 677 994 761 'et
1028 680 1321 758 honore
1372 675 1519 782 ipsa
1557 677 1787 756 dicata
1840 679 1950 756 est
1989 677 2330 773 Ecclesia,
2383 677 2515 756 sub
2555 677 2686 758 suo
2722 684 3026 769 nomine
3071 708 3150 765 et

444 781 894 870 ,defensione
914 806 1089 860 cum
1118 778 1565 860 monasteriis
1600 802 1681 856 et
1716 779 1992 856 cellulis
2038 779 2166 856 fibi
2214 778 2586 875 subiectis,
2655 803 2734 859 et
2766 784 2981 862 rebus
3027 789 3147 864 vel
3271 817 3276 822 ·

469 883 891 962 hominibus
918 882 1011 962 ad
1034 907 1195 961 eam
1234 878 1765 986 pertinentibus
1796 879 1914 958 vel
1941 877 2498 985 aspicientibus,·
2549 903 2699 960 tam
2739 883 2919 962 inst-a
2963 887 3149 964 ciui-

472 1005 739 1076 tatem,
787 1008 1010 1086 quam
1040 980 1233 1062 foras
1262 979 1641 1058 oonfistere
1664 979 2022 1086 fecerant,
2073 1003 2152 1062 et
2171 1007 2430 1070 earum
2452 983 3008 1064 immunitatum
3025 1003 3148 1094 qu.

476 1085 923 1162 ‹Sioritatibus
958 1083 1303 1188 hastenus
1344 1081 1433 1159 ab
1474 1081 1994 1185 inquietudine
2031 1082 2442 1162 iudiciariae
2459 1086 2856 1201 potestatis
2895 1087 3174 1170 eadem·

366 1239 379 1254 .
478 1185 762 1263 munita
788 1207 1007 1286 atque
1033 1181 1319 1262 defensa
1342 1179 1581 1260 fuisset
1606 1181 1934 1260 Ecclefia.
1975 1170 1992 1192 ⁵
2022 1183 2173 1264 sed
2200 1207 2343 1289 pro
2374 1196 2500 1262 εει*
2517 1183 2859 1266 firmitate
2895 1187 3153 1292 postu-

474 1283 692 1379 lauit,
732 1283 923 1364 fitus
956 1309 1385 1366 xvnownvs
1416 1281 1822 1388 Episcopus
1836 1345 1861 1388 ,
1899 1304 1994 1362 vt
2011 1305 2399 1388 paternum
2416 1329 2454 1379 ,ι
2496 1282 2624 1362 seu
2668 1288 3156 1390 praedeoesso-

470 1411 641 1464 rum
670 1387 1087 1465 nostrorum
1114 1389 1399 1490 Regum
1426 1408 1717 1462 morem
1740 1383 2168 1486 sequentes,
2219 1386 2664 1471 huiusmodi
2675 1387 2968 1470 nostrae
3003 1394 3157 1470 Im·-

478 1487 851 1566 munitatis
876 1507 1347 1604 praeceptum
1382 1485 1485 1562 ob
1510 1509 1837 1563 amorem
1868 1487 2015 1569 Dei
2037 1483 2120 1566 'et
2151 1487 2635 1566 reuerentiam
2678 1489 2705 1565 i
2765 1488 2899 1566 iius
2937 1489 3156 1572 ssnffi

476 1587 625 1664 loci
653 1589 841 1665 circa
876 1585 1102 1690 ipsam
1130 1581 1512 1665 Ecclesiam
1542 1584 1699 1664 fieri
1730 1584 2184 1669 censeremus
2200 1642 2225 1683 ,
2275 1589 2482 1670 cuius
2523 1589 3007 1694 petitionibus
3033 1591 3161 1670 ad·
3215 1634 3226 1653 ι

484 1686 767 1767 sensum
797 1687 1301 1790 praebuimuS‚
1345 1710 1423 1763 et
1444 1687 1595 1764 hoe
1627 1687 1913 1764 nostrae
1951 1689 2434 1768 immunitatis
2479 1693 2948 1794 praeceptum
2993 1715 3174 1796 erga⁴

480 1787 703 1896 ipsam
732 1785 1099 1866 eoelefinm
1118 1786 1593 1863 immunitatis
1618 1807 1693 1864 at
1746 1811 1841 1864 ue
1866 1790 2198 1868 tuitionis
2227 1791 2446 1894 gratia
2469 1813 2608 1894 pro
2639 1791 2895 1870 Diuini
2925 1795 3166 1872 cultus

488 1913 737 1970 amore
764 1909 845 1964 et
878 1888 1157 1964 animae
1184 1887 1471 1964 nostrae
1498 1911 1653 1964 rem
1752 1889 1829 1965 io
1855 1887 2014 1966 fieri
2029 1889 2527 1984 decreuimuS‚
2573 1916 2708 1993 per
2732 1892 2942 1993 quod
2958 1887 3162 1996 pra'e-

491 1991 1056 2098 cipimus-atque
1075 1987 1413 2063 iubemus
1425 2040 1450 2080 ,
1498 2007 1583 2063 vt
1609 1987 1849 2066 nullus
1876 1990 1954 2065 iu
2010 2015 2099 2066 ex
2139 1990 2474 2093 publicus
2521 1992 2636 2068 vel
2733 1991 3022 2070 uislibet
3061 2019 3160 2071 ex

491 2089 856 2178 iudiciaria
898 2085 1259 2190 potestate
1294 2088 1373 2164 in
1414 2083 1734 2164 ecclefias
1749 2141 1774 2180 ‚
1830 2107 1955 2166 aut
1997 2090 2198 2183 loca,
2264 2089 2382 2167 vel
2431 2115 2636 2191 agros
2707 2117 2802 2168 eu
2847 2093 3160 2195 reliquas

490 2187 977 2298 poffeffiones,
1007 2211 1191 2289 quas
1218 2185 1579 2266 moderno
1604 2185 1945 2290 tempore
1971 2189 2048 2266 in
2079 2187 2528 2289 quibuslibet
2560 2192 2760 2294 pagis
2807 2191 2923 2268 vel
2957 2195 3166 2269 terri-

498 2291 705 2384 toriis
742 2287 922 2370 infra
960 2285 1321 2364 ditionem
1358 2287 1657 2390 Imperii
1698 2287 1930 2367 nostri
1969 2287 2156 2366 iuste
2183 2309 2260 2364 et
2283 2288 2600 2390 legaliter
2635 2314 3032 2370 memorata
3059 2313 3170 2370 te·-

496 2414 627 2487 net
662 2390 781 2469 vel
809 2385 1126 2495 poffidet
1158 2385 1457 2469 Ecclefia
1472 2442 1498 2482 ,
1548 2385 1665 2465 vel
1694 2414 1817 2483 ea,
1846 2413 2035 2491 quae
2081 2387 2430 2493 deinceps
2457 2389 2538 2467 in
2569 2389 2726 2469 iure
2769 2389 2986 2497 ipfius
3031 2395 3170 2472 Ec-

496 2494 743 2575 clefiae
780 2488 1098 2588 voluerit
1138 2489 1403 2569 Diuina
1447 2490 1761 2593 potestas
1800 2515 1889 2568 au
1933 2485 2081 2582 eri,
2113 2488 2204 2567 ad
2232 2490 2464 2567 caulas
2492 2492 2842 2595 agendas,
2888 2494 3005 2573 vel
3025 2492 3172 2581 sre-

384 2623 391 2629 ·
496 2598 589 2674 da
632 2616 759 2672 aut
798 2594 1061 2679 tributa
1105 2591 1225 2671 exi
1273 2590 1493 2684 enda,
1554 2611 1680 2667 aut
1720 2594 2125 2668 manhones
2165 2590 2280 2669 vel
2309 2613 2580 2695 paratas
2607 2590 3003 2689 faciendas,
3045 2618 3172 2675 aut

500 2694 943 2778 fideiufl‘ores
976 2692 1203 2771 tollen
1257 2717 1345 2769 os
1360 2748 1383 2784 ‚
1426 2714 1553 2769 aut
1580 2691 1924 2770 homines
1949 2688 2168 2796 ipfius
2208 2690 2539 2769 ecclefiae
2589 2716 2740 2771 mm
2784 2696 3172 2799 ingenuoS,

504 2823 728 2904 quam
768 2816 845 2873 et
874 2794 1120 2873 seruos
1154 2792 1372 2899 super
1406 2815 1667 2870 terram
1700 2793 1918 2896 ipfius
1967 2814 2518 2871 commanentes
2566 2794 2830 2871 iniuste
2866 2796 3174 2875 destrin-

440 2962 447 2971 .
553 2898 783 2975 endos
804 2948 826 2987 ,
872 2896 1251 2996 nullasque
1282 2894 1803 2970 redhibitiones
1840 2914 1966 2967 aut
2005 2894 2282 2968 illicitas
2343 2893 2755 2969 occafiones
2798 2899 3176 2998 requiren-

601 3024 671 3089 s,
702 2994 967 3071 nostris
1014 2992 1131 3067 vel
1160 2992 1423 3067 futuris
1470 2990 1926 3091 temporibus
1973 2990 2256 3093 ingredi
2297 2991 2598 3083 audeat,
2645 3018 2784 3069 nec
2813 3020 2931 3089 ea,
2985 3022 3174 3099 quae

508 3096 717 3201 supra
740 3114 1133 3171 memorata
1162 3089 1360 3181 sunt,
1396 3091 1687 3195 penitus
1720 3090 2009 3193 exigere
2037 3088 2469 3195 praesumat:
2519 3088 2640 3167 sed
2659 3094 2868 3172 liceat
2892 3122 3182 3174 memo-

508 3219 669 3277 rato
722 3190 1031 3273 Praesuli
1084 3189 1382 3291 suisque
1434 3188 1940 3270 suceefforibus
1991 3216 2104 3268 res
2153 3190 2558 3295 praedictae
2603 3195 2952 3274 Ecclefiae
3005 3223 3176 3275 cum

512 3295 855 3376 omnibus
896 3291 1021 3371 fibi
1062 3290 1391 3369 subieciis
1406 3347 1429 3385 ‚
1485 3315 1563 3368 et
1606 3292 1817 3369 rebus
1850 3293 1968 3371 vel
1999 3292 2422 3371 hominibus
2450 3293 2540 3373 ad
2577 3292 2648 3370 se
2676 3296 3183 3400 aspicientibus

511 3398 633 3479 vel
676 3393 1207 3503 pertinentibus
1232 3390 1363 3471 sub
1404 3393 1752 3471 tuitionis
1764 3412 1990 3571 ange
2014 3394 2492 3473 immunitatis
2517 3396 2800 3473 nostrae
2829 3398 3186 3501 defenfio-

516 3703 844 3780 lumitate
868 3700 1151 3778 nostrae
1174 3696 1538 3799 ‘Coniugis
1566 3721 1651 3772 ac
1687 3696 1911 3799 prolis
1930 3751 1954 3790 ‚
1985 3694 2109 3773 seu
2138 3697 2353 3775 etiam
2391 3699 2617 3775 totius
2645 3704 2945 3803 Imperii
2963 3727 2996 3778 a
3013 3704 3186 3781 Deo

519 3802 733 3883 ‘nobis
763 3800 1027 3893 collati,
1055 3821 1133 3875 et
1160 3798 1319 3875 eius
1344 3796 1877 3879 clementiffima
1910 3796 2529 3900 miseratione'per
2554 3798 2983 3879 immensum
3011 3826 3192 3879 con-

521 3899 844 3981 seruandi
874 3925 1013 3977 vna
1042 3924 1210 3975 curn
1237 3897 1434 3997 clero
1464 3918 1543 3974 et
1566 3896 1851 4002 populo
1884 3895 2008 3976 fibi
2053 3896 2376 3978 subieeio
2410 3900 2555 3976 Dei
2579 3898 3002 3978 immensam
3048 3902 3192 3979 cle-

521 4000 870 4081 mentiam
898 4000 1161 4104 iugiter
1188 4022 1511 4077 exorare.
1604 4000 1701 4076 Et
1731 3994 2094 4101 quidquid
2109 3994 2217 4077 de*
2233 3996 2593 4102 praefatae
2618 4001 2829 4079 rebus
2847 4001 3196 4081 Ecclesiae

609 4098 779 4205 stus
802 4098 1067 4200 noster)
1100 4100 1391 4204 exigere
1419 4120 1739 4205 poterat,
1765 4100 2128 4203 integrum
2164 4099 2407 4179 eidem
2443 4100 2916 4181 conceflimus
2953 4104 3200 4182 Eccle-

406 4319 413 4328 .
496 4234 507 4243 ·
554 4224 697 4297 iae,
760 4200 1027 4279 scilieet
1036 4224 1437 4407 ffrssemo
1476 4223 1820 4305 tempore
1862 4203 1934 4295 ei
1980 4202 2072 4283 ad
2109 4201 2604 4309 peragendum
2641 4204 2784 4297 Dei
2823 4201 3204 4283 seruitium

632 4309 875 4421 (nem.
902 4305 1060 4407 Opu
1235 4300 1472 4402 ostam.
1502 4304 1691 4382 Tom.
1718 4304 1831 4405 V.)
1967 4415 1977 4427 .
2149 4303 2348 4411 'ccc
2390 4328 2546 4383 ccc
2858 4330 3205 4411 augmen-

1955 3495 2046 3570 tis
2087 3492 2632 3597 inquietudine,
2680 3500 2928 3601 quiete
2960 3522 3033 3577 et
3067 3523 3184 3578 or-
3321 3496 3328 3501 ’
