3825 4800
573 2207 579 2214 ’
720 2211 793 2288 S.
826 2205 1147 2285 Mam-itii

697 419 860 496 940
1250 407 1261 418 “
1371 325 1375 337 Ι
1442 377 1805 504 CODEX
1854 377 2648 506 DIPLOMATICVS

1015 568 1291 648 dowici
1318 559 1763 648 Serenisfi'mi
1804 561 2273 665 Imperatoris
2313 586 2392 641 et
2415 564 2746 644 Lotharii
2775 566 2911 642 VI.
2935 569 3006 664 ⁴)
3045 561 3405 642 Indiffio-

952 783 958 790 ο
1014 696 1111 750 ne
1146 673 1285 750 VI.
1341 667 1619 746 Aecum
1638 662 2083 766 Aquisgrani
2115 663 2194 794 in
2218 665 2361 745 Dei
2377 665 2697 784 ‘nomine
2721 664 3050 760 feliciter,
3083 671 3362 798 Amen.

692 949 1051 1082 ’Diphma
1074 968 1407 1052 Ladouicae·
1432 961 1839 1043 Gemanica·
1856 960 2111 1045 adhuc
2151 965 2344 1068 regis
2387 965 2940 1047 Baiana-arm
2965 956 3186 1066 αμα.
3199 963 3400 1041 Hm-

908 1075 1105 1156 dium
1138 1073 1217 1151 in
1248 1064 1631 1170 Metropoli
1658 1063 1938 1143 Salisb.·
2365 1089 2370 1099 ·
2499 1109 2507 1116 -

1838 1223 1887 1273 A
1904 1221 2044 1274 Nu.
2098 1201 2274 1290 846.

794 1333 845 1383 N
892 1327 1167 1382 nomme
1214 1324 1482 1379 nomm
1530 1321 1796 1375 uos-nu
1842 1321 2000 1374 oesv
2044 1321 2334 1373 cnms‘ri
2391 1319 2512 1372 nm
2573 1305 3150 1370 OMNIPOTENTls.
3249 1291 3392 1368 Lu-

764 1487 771 1492 ,
824 1406 1136 1483 douicus
1182 1403 1429 1480 diuina
1458 1399 1749 1476 fauente
1778 1397 1998 1500 gratia
2024 1399 2182 1474 Rex
2231 1394 2749 1484 Baioariorum.
2847 1393 2924 1496 Si
2971 1393 3205 1495 igitur
3238 1416 3281 1468 e

719 1509 877 1586 loca
905 1505 1169 1582 diuinis
1203 1499 1516 1578 cultibus
1546 1499 1951 1602 mancipata
1979 1521 2121 1599 pro
2177 1518 2290 1572 ter
2319 1521 2644 1574 amorem
2681 1493 2830 1571 Dei
2859 1515 3282 1594 eorumque
3315 1515 3384 1568 m

716 1607 981 1686 iisdem
1006 1605 1185 1681 locis
1212 1600 1336 1680 fibi
1368 1597 1879 1676 famulantibus
1927 1597 2115 1672 bene
2173 1597 2278 1672 cia
2322 1619 2689 1701 oportuna
2731 1593 3112 1697 largimur,
3197 1615 3383 1696 prae-

723 1711 955 1786 mium
993 1705 1205 1782 nobis
1240 1699 1436 1805 ‘apu'd
1466 1699 1873 1776 Dominum
1903 1699 1984 1775 in
2001 1720 2284 1773 aeterna
2319 1693 2768 1778 beatitudine
2812 1695 3144 1796 recipere
3173 1691 3386 1770 confl-

716 1808 983 1886 dimuS.
1082 1801 1399 1880 Proinde
1432 1821 1699 1876 notum
1742 1795 1827 1874 fit
1878 1798 2220 1874 omnibus
2268 1797 2605 1874 fidelibus
2653 1795 2926 1874 sanstae
2963 1797 3110 1871 Dei
3157 1793 3385 1884 Eode-
3518 1782 3544 1804 ⁸

713 1905 857 1983 fiae
890 1904 1155 1980 nostris
1214 1923 1345 1996 ue,
1449 1896 1884 1976 raesentibus
1910 1897 2180 1976 scilicet
2215 1920 2294 1975 et
2325 1897 2590 1974 futuris
2601 1953 2625 1991 ,
2729 1895 2847 1972 uia
2877 1895 2993 1971 vir
3025 1893 3379 1972 venerabi-

722 2007 811 2084 lis
854 2003 1147 2082 Gozbal
1206 2025 1331 2108 us,
1376 1925 1545 2076 geri
1574 1997 1814 2117 palatii
1854 1998 2082 2075 nostri
2107 1997 2430 2078 summus
2473 2001 2680 2100 Cape
2731 2019 2948 2089 anuS,
3027 2017 3108 2070 et
3152 1993 3378 2074 Abbas

722 2104 1137 2186 monasterii
1151 2157 1175 2196 ,
1186 2100 1431 2282 lduod
1460 2097 1729 2280 diciguss·
1756 2099 2070 2277 ‘zi-rahab,-
2106 2099 2313 2200 quod
2341 2097 3096 2276 eflilconstrufflffiain
3113 2095 3386 2214 honore

723 2309 873 2415 tuit⁴
916 2223 1777 2394 (Ξῑειῃεηῑίἶιῗγιξξίὶηεῗ
1802 2217 3382 2405 ςᾟαέτὲιῗῃὲοῗῧεέῗὲἓεῃᾍυπῗῖυὲωἷκ

652 2462 679 2491 .
720 2430 925 2513 parte
954 2408 1042 2481 ab
1071 2430 1212 2481 auo
1238 2406 1492 2481 nostro
1522 2404 1857 2481 Domino
1890 2403 2162 2484 carolo
2188 2404 2634 2505 Imperatore
2666 2420 2872 2503 capta
2905 2397 3162 2495 fumet,
3185 2395 3382 2505 ipfius

726 2506 1064 2613 permiffu
1095 2526 1318 2605 atque
1344 2500 1696 2579 consensu
1729 2501 2230 2603 quaedam-res
2259 2503 2388 2579 ini
2443 2502 2510 2597 sa
2533 2503 2820 2581 marcha
2863 2502 2956 2579 ad
2979 2502 3093 2581 ius
3121 2502 3378 2605 regium

726 2607 1175 2713 pertinentes
1205 2600 1447 2679 eidem
1477 2602 1922 2679 monasterio
1951 2600 2250 2681 collatae
2290 2600 2612 2698 fiuffent,
2731 2626 2858 2695 uas
2902 2604 3117 2681 etiam
3161 2624 3378 2703 vsque

726 2729 927 2785 nunc
964 2703 1410 2809 praedidium
1438 2700 1747 2819 poss'edit
1774 2704 2312 2783 monasterium.
2409 2704 2550 2783 Sed
2581 2728 2754 2807 quia
2783 2702 3138 2779 auelonftas
3169 2700 3370 2777 tradi-

564 2862 577 2873 ·
724 2808 947 2885 tionis
990 2802 1255 2880 exinde
1284 2803 1586 2880 minime
1620 2800 2043 2907 adparebat,
2097 2798 2525 2908 deprecatus
2557 2806 2686 2907 ,est
2729 2804 2922 2883 idem
2961 2800 3361 2880 Gozbaldus

727 2906 975 2987 Abbas
992 2959 1015 2999 ,
1086 2927 1171 2981 vt
1209 2902 1496 2981 nostrae
1536 2902 1977 2983 auetoritatis
2019 2904 2478 3007 largitionem
2511 2929 2736 3009 atque
2777 2902 3376 2983 confirmationem

710 3006 968 3087 'eidem
1004 3006 1343 3083 daremus
1370 2999 1845 3109 monasterio,
1891 3029 2029 3108 per
2053 3028 2278 3106 quam
2307 3004 2492 3109 ipfiis
2517 3032 2630 3083 res
2672 3007 2750 3083 in
2791 3006 3168 3111 posterum
3193 3026 3383 3109 prae-

727 3106 1002 3187 dietum
1032 3106 1561 3189 monasterium
1596 3104 1903 3207 eiusque
1945 3106 2290 3197 reelores,
2355 3106 2632 3212 absque
2674 3105 3061 3199 cuiuslibet
3101 3104 3392 3211 impedi·

658 3205 673 3221 ‘
728 3230 985 3289 mento
1010 3228 1136 3295 aut
1162 3202 1734 3283 contradiaione
1760 3228 2012 3283 tenere
2044 3226 2122 3281 et
2145 3204 2506 3284 dominari
2544 3206 2908 3313 potuiffet.
3004 3207 3240 3285 Cuius
3279 3204 3396 3281 de-

728 3308 1219 3417 precationem
1248 3314 1559 3411 pro'pter
1584 3304 1920 3385 diuinum
1951 3328 2277 3381 amorem
2309 3328 2388 3383 et
2424 3307 2974 3408 reuerentiami
3033 3307 3170 3383 lius
3200 3304 3398 3383 sanffi

718 3412 861 3491 loci
902 3410 1210 3487 libenter
1251 3407 1673 3500 annuimus,
1723 3427 1799 3483 et
1838 3404 2022 3511 ipsas
2063 3430 2175 3483 res
2213 3428 2584 3523 perpetuo
2679 3406 2958 3485 offiden
3009 3434 3084 3485 ·s
3128 3404 3392 3483 solenni

710 3514 1025 3590 datione
1056 3509 1297 3587 eidem
1330 3506 1807 3585 concessimus
1844 3506 2322 3601 monasterie,
2369 3508 2448 3589 1d
2475 3510 2582 3585 est
2648 3532 2916 3603 ocum,
2967 3509 3104 3609 qui
3137 3528 3404 3585 nuncu-

785 3638 942 3689 atur
964 3609 1424 3701 Wa'chunra,
1475 3608 1606 3709 qui
1631 3610 2062 3687 terminatur
2087 3632 2128 3683 a
2153 3606 2362 3685 fonte
2387 3609 2639 3705 riuuli,
2707 3613 2718 3633 ⁸
2759 3610 2840 3685 ui
2893 3630 3206 3684 vocatur
3247 3610 3404 3707 My-

729 3642 975 3805 Rrica',
1028 3736 1108 3787 vs
1170 3732 1262 3787 ue
1288 3708 1378 3785 ad
1412 3732 1582 3784 eum
1622 3708 1910 3803 locum,
1961 3708 2085 3785 vbi
2111 3706 2266 3811 ipse
2295 3710 2714 3802 Danubium
2742 3709 3006 3801 influit,
3037 3732 3122 3785 ac
3153 3706 3406 3785 deinde

726 3814 967 3895 tendit
992 3810 1111 3887 sur
1139 3836 1269 3899 um
1298 3812 1378 3887 in
1405 3809 1635 3912 ripam
1666 3806 1984 3887 Danubii
2016 3833 2252 3910 vsque
2278 3810 2360 3885 in
2383 3810 2810 3903 Bochbach,
2858 3832 2936 3886 et
2965 3809 3146 3885 vltra
3177 3808 3405 3887 Boch-

720 3915 913 3993 bach
946 3909 1269 4006 mansum
1300 3934 1569 4001 vnum,
1618 3931 1694 3987 et
1720 3908 1895 3986 inde
1921 3911 2125 3985 iuxta
2151 3910 2542 3987 Bochbach
2571 3909 2844 3992 sursum
2883 3932 3122 4011 vsque
3149 3910 3231 3985 in
3257 3934 3405 3984 ver-

580 4042 587 4053 ·
702 4018 951 4117 ,tieem
975 4012 1275 4107 montiS,
1303 4012 1437 4114 qui
1462 4032 1771 4089 vocatur
1794 4009 2211 4104 Ahornioe,
2261 4034 2401 4087 nec
2421 4036 2580 4090 non
2605 4012 2822 4091 alium
2861 4012 3160 4101 locum,
3235 4032 3408 4087 nun-

1448 4137 1451 4139 ’
2891 4178 2900 4185 .
2966 4184 2972 4189 ,
3071 4130 3408 4215 cupatum

873 4260 941 4356 ³⁶)
986 4230 1371 4353 Legendm'
1394 4250 1509 4327 xi.
1558 4258 1730 4327 Nam
1754 4252 2098 4329 Lodmius
2121 4256 2386 4349 imperii
2401 4252 2620 4327 socius
2647 4242 2846 4329 ‘faeus
2877 4235 3050 4329 'anno
3079 4271 3206 4345 817·
