3825 4800
574 463 581 469 -
670 406 855 487 LIB.
904 404 969 485 1.
1041 402 1269 487 CAP.
1316 398 1513 485 1111:
1554 398 1701 485 DE
1748 400 2136 486 REGNO
2181 400 2586 489 LVDOV.
2634 406 3015 491 BAVAR.
3111 418 3212 509 76
3211 438 3238 491 t

516 611 685 669 tum
711 588 1147 685 celebratur,
1192 588 1405 694 quod
1432 588 1513 669 in
1536 608 1749 669 nouo
1774 576 2008 695 regno
2050 610 2336 670 mature
2375 588 2848 672 successorem
2876 590 3002 673 fibi
3043 590 3230 672 defi-

514 690 891 797 gnandum
920 692 1421 786 existimrint,
1446 718 1545 769 ne
1564 692 2130 799 properantibus
2153 691 2318 771 fiatis
2347 694 2682 779 exstinffi
2710 696 2920 773 variis
2947 695 3228 775 tumul-
3367 724 3378 733 ·

508 796 707 872 tibus
742 794 1153 900 respublioe
1175 815 1721 873 concuteretur.
1822 796 2226 873 Enimuero
2263 795 2344 873 id
2369 796 2686 875 omnino
2713 796 3094 901 perniciofi
3127 798 3222 876 ad

508 896 854 1003 posteros
898 895 1227 1003 exempli
1266 894 1447 991 fuit,
1484 896 1697 999 quod
1737 896 2174 975 Ludouicus
2205 898 2378 976 Pius
2423 920 2502 977 et
2529 898 3036 1003 praecipitauit
3069 899 3222 977 hoc

514 998 935 1093 confilium,
998 1022 1237 1101 quum
1282 997 1457 1075 efl'et
1512 1022 1875 1077 annorum
1914 998 2190 1103 quadra
2243 1000 2428 1095 inta,
2483 1023 2566 1079 et
2615 1024 2776 1079 non
2818 1020 3220 1081 contentus

510 1098 707 1179 filios
748 1100 1177 1217 sucodsorqs
1230 1098 1654 1217 defignalse,
1722 1124 1853 1177 eos
1904 1102 1983 1178 in
2034 1027 2622 1206 ampffiffimarum
2669 1103 3216 1207 prouinciarum

507 1202 1019 1309 poffeffionem
1048 1220 1347 1279 mittere
1362 1258 1387 1296 ‚
1410 1226 1777 1305 regasque
1804 1201 2296 1283 condecorare
2327 1206 2778 1282 ornamentis
2813 1228 2972 1283 non
2997 1203 3218 1283 dubi-

504 1305 713 1384 tauit.
808 1308 925 1384 Eo
950 1301 1111 1410 ipso
1140 1304 1345 1403 enim
1360 1328 1515 1381 non
1542 1304 1776 1383 modo
1800 1305 2078 1383 liberos
2093 1304 2672 1401 diuifionem‚0b
2701 1304 2934 1383 filium
2953 1306 3210 1411 postea

508 1430 767 1485 natum
794 1406 1317 1486 emendaturus
1356 1430 1395 1483 a
1422 1403 1493 1483 se
1524 1404 2038 1511 imprudenter
2071 1407 2454 1502 alienauit,
2511 1406 2637 1487 sed
2680 1428 2760 1486 et
2797 1408 3057 1487 iisdem
3099 1433 3214 1487 at-

504 1537 625 1591 ma
644 1564 671 1597 ‚
694 1510 967 1613 quibus
997 1504 1337 1585 aduersus
1364 1506 1571 1585 illum
1598 1509 1834 1612 impie
1860 1510 2372 1607 abuterentur,
2401 1508 2664 1587 stolide
2693 1508 2774 1587 su
2979 1510 3214 1591 inuit.
3261 1528 3273 1540 ·

506 1616 761 1729 Quare
812 1632 895 1691 vt
934 1608 1165 1715 ipstm
1204 1608 1643 1687 diuisionem
1688 1610 1767 1687 in
1808 1608 1879 1687 se
1907 1635 2166 1715 parum
2195 1611 2632 1689 laudabilem
2663 1536 2828 1690 ess‘g
2903 1634 3212 1707 reamur,

502 1736 797 1821 quippe
830 1738 989 1817 qua
1022 1714 1041 1729 ‘
1260 1711 1413 1789 ‘um
1443 1710 2062 1817 potentiffimum,
2147 1713 2307 1791 uod
2335 1734 2868 1818 vnoregnante
2896 1714 3212 1809 steterat,

501 1817 825 1895 maxime
848 1840 943 1891 oo
1140 1838 1272 1891 um
1302 1834 1383 1891 et
1404 1834 1695 1894 tantum
1724 1838 1878 1891 non
1908 1838 2050 1892 eue
2119 1842 2250 1893 um
2283 1816 2430 1895 est:
2468 1818 2542 1914 c)
2587 1840 2752 1893 eam
2779 1838 3031 1895 tamen
3053 1840 3210 1895 ma-

554 1919 571 1935 '
646 1918 977 1996 moribus
1004 1916 1323 2021 patentis
1336 1970 1358 2011 ‚
1409 1940 1635 2019 quam
1662 1915 2034 1996 Ludouici
2064 1918 2174 1997 Pii
2203 1916 2764 2024 imprudentiae,
2794 1916 3214 1997 tribuimus,

498 1944 613 2101 ἒξ
636 2020 851 2123 quod
882 2018 963 2097 id
988 2018 1181 2097 nulla
1206 2018 1549 2122 exigente
1570 2016 1984 2098 neoeffimte
2010 2020 2302 2099 iuuenis
2337 2019 2580 2099 adhuc
2607 2018 2846 2098 facere
2871 2019 3212 2113 instituit,

406 2162 413 2170 ·
499 2120 1087 2307 maffia
1108 2117 3294 2329 ‘ematfflffiffiffiffifflffi

925 2282 947 2307 0·
2721 2276 2748 2317 ν

492 2330 641 2411 cias
672 2326 911 2406 inerit.
1001 2327 1103 2406 Et
1116 2322 1293 2404 inde
1322 2322 1629 2402 demum
1650 2323 1762 2401 est
1776 2322 1895 2402 illa
1923 2326 2290 2406 malorum
2317 2324 2502 2420 nias,
2533 2348 2729 2428 quae
2755 2344 2840 2402 et
2861 2320 3210 2404 familiam
3243 2366 3248 2373 ·

495 2429 945 2536 Augustam,
974 2423 1251 2507 emoeffe
1282 2425 1529 2504 adhuc
1564 2426 1994 2525 florentem,
2029 2453 2257 2534 quam
2303 2425 2546 2534 ipsum
2583 2449 2895 2535 regnum
2933 2447 3208 2531 poten-

494 2533 847 2618 dffimum
878 2529 1251 2636 paullatim
1280 2526 1541 2608 misere
1564 2525 1912 2610 confecit.-

728 2639 823 2716 11.
872 2633 1279 2714 Consilium
1310 2631 1459 2710 hoc
1498 2631 1908 2712 Lvn'ovicvs
1937 2651 2146 2738 pater
2175 2630 2497 2734 primum
2531 2631 2735 2735 cepit·
2769 2655 2866 2708 eo
2894 2628 3058 2736 ipso
3071 2655 3206 2710 an-

492 2761 601 2818 no
630 2737 1169 2818 DCCCXIIII.
1198 2757 1359 2835 quo
1386 2731 1541 2838 ipse
1564 2759 1861 2812 canoto
1880 2761 1962 2812 M.
1989 2733 2182 2849 patri
2207 2729 2640 2828 suecefferat‚
2675 2734 3012 2850 quipppe
3043 2755 3208 2834 quo

496 2863 655 2920 tem
710 2863 843 2916 ore
880 2837 1089 2918 illum
1118 2859 1557 2918 Low-marva
1604 2835 1683 2912 in
1722 2836 2176 2926 Romanam,
2225 2859 2564 2912 mprmvm
2604 2833 2682 2912 in
2722 2835 3204 2936 Aquitaniam

496 2937 648 3020 mis
704 2967 749 3020 e
774 2941 1122 3020 diximus.
1167 2935 1253 3038 d)
1284 3007 1302 3016 -
1349 2937 1713 3040 Qamuis
1752 2959 1937 3014 vero
1961 2957 2363 3036 vtrumque
2395 2957 2578 3012 tunc
2609 2935 2892 3038 regium
2921 2959 3206 3016 nomen

497 3041 690 3126 ferre
718 3044 979 3137 vellet,
1024 3065 1165 3120 eeu
1210 3063 1307 3117 ex
1336 3037 1643 3117 vetustis
1682 3037 2108 3118 monasterii
2147 3059 2672 3116 Motssmcmffls
2723 3035 3098 3114 annalibus
3125 3040 3204 3136 e)

496 3145 987 3226 ostendimus:
1050 3141 1485 3222 monuimus
1522 3161 1770 3218 tamen
1820 3138 2030 3218 fimul
2067 3163 2222 3217 non
2261 3159 2410 3216 tam
2456 3159 2534 3214 re
2582 3139 2736 3216 ium
2777 3138 3203 3243 imperium,

498 3271 727 3353 quam
756 3271 1039 3328 nomen
1068 3269 1233 3327 tum
1254 3243 1495 3322 adhuc
1516 3239 1938 3349 permissum
1969 3239 2106 3320 effe
2139 3237 2738 3334 adolescentibus,
2765 3263 3051 3346 eosque
3074 3263 3206 3346 pa-

3073 3342 3204 3422 tris
3354 3415 3367 3427 .

798 3556 1161 3642 Principem
1202 3551 1469 3625 Francis
1500 3551 1569 3620 in
1598 3553 1829 3640 Regem
1870 3569 1936 3620 et
1975 3550 2329 3622 Patricium
2367 3555 2814 3634 Romanorum,
2855 3493 2944 3620 ‘et
2981 3569 3198 3622 timos

794 3659 924 3729 eius
950 3662 1105 3728 duos
1136 3677 1355 3729 nuci
1390 3673 1831 3725 svcctsslonss
1858 3655 2160 3723 Karolum
2203 3670 2270 3723 et
2299 3656 2786 3744 Karlomapqum
2845 3656 3056 3752 eadem
3091 3674 3194 3726 co÷

786 3759 1045 3832 ronaenit'
1066 3763 1310 3828 bonne.
1402 3756 1583 3828 Add.
1620 3757 1849 3830 Amal.
1880 3757 2064 3828 Fuld.
2105 3761 2204 3825 ad
2231 3779 2382 3826 ann.
2439 3775 2577 3845 753.
2673 3759 2750 3828 In
2793 3753 2993 3825 nouo²
3019 3755 3198 3826 enim

803 3864 1087 3984 imperio
1110 3857 1509 3956 pennultum
1530 3855 1829 3932 interess'e
1852 3857 2020 3974 solet
2059 3859 2256 3953 primi
2281 3859 2684 3954 adquirentis
2697 3851 2728 3956 ,'
2768 3879 2853 3929 ne
2895 3857 3090 3930 dubia
3121 3853 3198 3928 fit

639 4065 715 4160 c)
762 3965 1078 4142 ἓξὲξ,
1108 3965 1247 4140 giss.-
1277 3981 1573 4136 delgiuis.
1600 4059 1786 4156 regni
1821 4061 2038 4135 Carol-
2084 4059 2148 4155 §.
2178 4061 2228 4132 1.
2265 4055 2448 4154 sequ.

644 4169 723 4262 d)
776 4171 919 4242 Lib.
951 4171 1007 4241 1.
1036 4169 1201 4262 Cap.
1234 4169 1345 4239 111.
1385 4165 1587 4254 §.1x.
1908 4175 1921 4184 ⁷
2086 4187 2095 4192 ·

496 4270 1711 4474 (urss.313¹ch¹f¹'12{Ji}cm.Tom.u)
2185 4359 2383 4436 odd
2431 4360 2538 4434 da
