3825 4800
493 375 1148 518 1-„11331..<':A1³.v.
1193 405 1328 484 DE
1363 403 1738 484 Tvas
1768 401 1888 482 m
1913 343 3020 527 Lvnov.1>11FAM1t..etc.
3068 419 3213 536 8⁶7

474 591 666 672 inde
695 589 1002 670 nauibus
1031 587 1497 692 Moguntiam
1511 641 1542 681 ,
1603 585 1953 682 demum,
2004 607 2091 664 vt
2120 611 2231 668 ex.
2242 611 2599 670 ‘summo
2627 593 2713 688 x)
2740 611 2970 698 patet,
2986 597 3223 688 Fran-2

489 691 868 772 cofurtuin
915 687 1518 796 proficisceretur.
1611 687 1910 766 “Adfixit
1954 686 2230 766 ibidem
2274 711 2352 768 et
2394 689 2810 788 Lotharius,
2838 719 3069 798 quem
3108 707 3209 787 e‘x

485 793 690 874 Italia
731 816 1122 872 euocatum
1166 789 1488 869 diximus
1512 845 1538 886 ,
1613 815 1772 894 quo
1820 789 2199 897 praesente
2244 813 2323 870 et
2364 787 2493 868 sus
2528 791 2848 872 icionem
2890 821 3204 886 omnem

487 895 838 974 concitati
855 893 1096 998 ⁸fratris
1125 918 1164 967 a
1191 889 1263 967 se
1291 891 1477 973 male
1503 891 1896 970 amoliente
1926 891 2223 970 comitia
2237 895 2457 972 -Aure
2510 897 2821 994 anenfia,
2873 901 3201 980 tumultu

484 999 630 1076 isto
669 995 1060 1117 Boioarico
1099 989 1380 1072 turbata
1409 1047 1434 1088 ,
1503 994 1584 1072 in
1639 991 1916 1090 fiituras
1968 991 2305 1072 kalendas
2352 996 2819 1102 Septembres
2862 997 3202 1085 indicun-
3348 975 3365 1032 ‘¹

488 1119 635 1178 tur.
683 1103 768 1200 y)

487 1297 978 1395 ficiscebatur,
1025 1298 1192 1376 data
1231 1299 1448 1376 etiam
1481 1295 1812 1376 hostibus
1855 1291 2197 1376 facultate
2262 1325 2359 1376 eo
2416 1299 2799 1396 veniendi,
2877 1303 2928 1380 fi
2960 1315 3198 1406 ‘quam

489 1401 622 1480 fibi
645 1402 916 1478 -iusta'm
951 1397 1306 1503 querendi
1341 1399 1644 1478 caussam
1675 1399 1943 1504 habere
1975 1398 2422 1478 viderentur.
2474 1405 2551 1502 z)
2651 1405 3017 1482 Euocatus
3046 1404 3201 1482 fide

783 1197 956 1278 XII.
1005 1195 1134 1278 Ad
1167 1219 1628 1276 conuentum
1653 1193 1874 1274 istum
1899 1199 2313 1308 Imperator
2340 1223 2511 1276 cum
2543 1199 2681 1282 suis
2710 1223 2995 1285 mature
3021 1227 3199 1308 pro·
3296 1193 3307 1222 ⁵

499 1503 788 1608 publioe
819 1499 1053 1582 fuerat
1079 1501 1297 1578 etiam
1327 1526 1664 1594 mmmm,
1713 1499 1923 1578 cuius
1964 1499 2421 1580 insolentiam
2448 1525 2609 1580 tum
2696 1526 2849 1582 ater
2879 1505 2997 1580 vel
3022 1505 3198 1582 ideo
3286 1510 3291 1523 “

491 1604 812 1684 maxime
846 1599 1436 1706 pertimescebat,
1535 1601 1686 1678 uod
1717 1627 2097 1694 neumam,
2148 1602 2630 1706 septimaniae
2714 1607 2916 1707 ucis,
2947 1602 3059 1692 rm
3121 1629 3200 1684 e-

495 1704 718 1784 tutori
753 1703 897 1781 iam
927 1701 1218 1797 infen1i‚
1271 1699 1584 1780 confilils
1615 1703 1724 1780 vti
1753 1696 2139 1780 diceretur.
2188 1709 2273 1800 a)
2367 1701 2515 1782 Sed
2542 1705 2604 1782 is
2630 1704 2854 1808 patris
2891 1731 3047 1796 con
3068 1733 3195 1812 pe..

467 1805 696 1886 -ctum
719 1803 1046 1922 fugienS,
1095 1806 1174 1880 in
1203 1803 1599 1905 Aquitania
1631 1801 2001 1896 haerebat,
2031 1827 2169 1880 nec
2186 1803 2350 1880 vilis
2380 1803 3012 1886 cohortationibus
3030 1833 3197 1885 mo-

239 1985 247 1992 .
367 1919 383 1936 ·’
497 1907 656 2008 ueri
688 1904 1160 2012 patiebatur,'
1199 1927 1282 1982 vt
1309 1903 1620 2012 supplex
1657 1901 1869 1980 fieret
1891 1903 2107 2006 patri,
2151 1903 2609 2006 fratrumque
2638 1907 3066 2012 exemplum
3088 1907 3193 2020 se-
3299 1941 3309 1952 ·

499 2031 870 2112 queretur.
969 2007 1173 2084 Hinc
1201 2027 1440 2110 pater,
1491 2001 1740 2081 solutis
1771 2003 2100 2080 comitiis
2118 2029 2291 2104 cum
2322 2007 2664 2110 expedita
2694 2033 2937 2102 manu,
2965 2032 3195 2087 trans-

498 2107 708 2186 misso
734 2108 1018 2212 Ligeri,
1067 2109 1147 2184 in
1190 2105 1742 2186 Limouicinum
1796 2104 1886 2180 ad
1928 2105 2277 2206 palatium
2322 2107 2883 2184 iocundiacense
2931 2113 3199 2190 mouit.

496 2213 708 2288 Tum
739 2209 1046 2286 demum
1075 2233 1424 2299 ΡιΡΡιΝνε,
1473 2203 1862 2309 desperatis
1890 2205 2109 2279 rebus
2138 2203 2316 2298 suis,
2364 2207 2643 2283 inuitus
2732 2211 2865 2285 atri
2894 2210 3199 2288 obuiam

474 2309 1000 2417 proficiscitur.
1151 2307 1296 2386 Sed
1321 2307 1446 2384 hic
1473 2307 1613 2383 iam
1647 2303 1862 2382 solito
1887 2301 2244 2400 seuerior,
2294 2303 2452 2384 filio
2488 2331 2645 2384 non
2702 2308 2904 2387 olum
2944 2309 3195 2415 fiagam

426 2478 438 2487 .
499 2414 740 2491 ve'rbis
771 2412 1206 2490 tristioribus
1239 2408 1657 2514 exprobrat,
1677 2430 1939 2485 verum
1964 2408 2181 2484 etiam
2209 2432 2382 2485 eum
2408 2432 2579 2487 cum
2607 2408 2870 2489 familia
2886 2413 2965 2489 in
2980 2416 3201 2493 Fran-

500 2518 688 2593 eiam
716 2517 822 2591 ire
850 2516 1093 2609 iubet,
1141 2512 1242 2589 ibi
1269 2533 1475 2587 certo
1493 2509 1706 2602 1000,
1758 2530 1916 2612 quo
1954 2506 2189 2606 visum
2268 2510 2400 2586 atri
2424 2509 2683 2605 filerit,
2710 2513 3013 2591 tamdiu
3032 2540 3200 2593 mo·-

501 2638 848 2709 ratururn,
879 2614 1120 2691 donec
1145 2611 1514 2691 emendati
1541 2610 1762 2689 animi
1787 2610 2098 2687 certiora
2119 2606 2197 2686 in
2250 2610 2385 2687 icia
2414 2608 2864 2714 adpeterent.
2892 2615 2971 2715 b)
3022 2604 3201 2695 Nec

501 2720 750 2798 minus
777 2718 1194 2793 succensens
1226 2738 1606 2793 naumann
1623 2714 1817 2789 Duci
1842 2724 2219 2811 tamquam
2248 2710 2374 2789 fibi
2400 2710 2635 2789 filium
2662 2738 2757 2790 ex
2788 2714 3039 2795 infimo
3074 2716 3195 2797 fii-
3282 2786 3291 2795 ,

501 2818 777 2899 riosum
810 2816 1194 2919 reddenti,
1255 2834 1334 2890 et
1360 2814 1832 2920 pristinorum
1879 2810 2411 2889 beneficiorum
2440 2812 2861 2892 immemori
2880 2870 2906 2910 ‚
2980 2844 3199 2915 eum,
3236 2844 3242 2855 ⁴

503 2921 842 3026 quamuis
874 2940 1028 2995 non
1057 2916 1244 2993 adeo
1273 2918 1488 2991 certis
1513 2913 1955 3019 argumentis
1997 2912 2461 3026 conuicium,
2511 2914 2921 2993 honoribus
2956 2944 3041 2995 ac
3068 2919 3199 2997 be-

501 3020 786 3102 neficiis
816 3020 1058 3113 exuit,
1108 3040 1182 3092 at
1239 2999 1332 3091 ue
1361 3015 1448 3091 iis
1477 3016 1694 3091 rebus
1737 3010 2089 3089 confeehs
2141 3037 2221 3088 m
2249 3012 2637 3100 Franciam,
2664 3015 2900 3093 redire
2924 3018 3197 3103 statuit.

369 3202 378 3213 ,
413 3120 426 3145 “
503 3124 650 3207 Sed
685 3144 1038 3215 rumam-3,
1089 3042 1526 3219 obsequium
1563 3114 1941 3206 simulans5
2006 3136 2175 3189 eum
2210 3112 2635 3199 custodibus
2681 3117 2806 3194 fibi
2842 3118 3199 3200 adiunffis

503 3228 885 3305 Treueros
899 3278 922 3316 ‚
971 3243 1164 3323 ·quo
1203 3214 1606 3295 exsulatum
1643 3240 1820 3291 eum
1859 3216 2152 3290 mittere
2194 3220 2401 3317 pater
2443 3213 2899 3317 decreuerat,
2972 3221 3203 3327 profi·
3268 3218 3285 3247 ”

503 3325 810 3415 ciseium
887 3380 894 3387 -
971 3322 1130 3405 Vix
1203 3342 1412 3419 vero,
1461 3314 1554 3437 ad
1641 3312 2253 3395 Theoduuadum
2331 3318 2428 3420 c)
2486 3316 2847 3422 palatium
2933 3348 3201 3428 perue-

2974 3448 3205 3527 neret,

651 3642 724 3727 x)
771 3639 932 3729 Cap.
964 3634 1233 3707 XXXX.

647 3746 718 3827 y)
767 3720 986 3811 Anna?
1027 3739 1264 3809 Bertin.
1295 3736 1373 3805 ad
1403 3756 1548 3805 ann.
1575 3748 1714 3821 832.
2344 3732 2351 3738 ’

653 3844 726 3929 z)
775 3842 1008 3912 Annal.
1048 3840 1288 3910 Bertin.
1319 3840 1480 3909 ibid.
1521 3831 1991 3907 Adnunciatum
2016 3832 2139 3924 est,
2209 3834 2303 3905 ibi
2330 3834 2818 3927 uumquemque
2856 3828 3080 3921 hcfiem
3116 3830 3200 3899 li-

807 3940 954 4009 bere
989 3940 1311 4009 aduenire.

658 4049 724 4136 a)
773 4048 922 4115 vita
953 4044 1212 4113 Ludou.
1241 4066 1304 4135 p.
1353 4046 1494 4133 ¹9⁶·
2938 4066 2945 4077 ι

653 4146 728 4237 b)
780 4144 1026 4235 Amal.g
1047 4146 1218 4215 Bert.
1243 4145 1403 4214 ibid.
1450 4142 1598 4210 Vita
1623 4136 1950 4225 Ludouici
1992 4138 2166 4212 ibid..
2184 4136 2478 4236 Thegan.
2510 4140 2670 4235 Cap.
2702 4140 3013 4222 XXXXL'

661 4252 726 4333 c)
775 4234 1262 4337 tritomum,
1308 4244 1519 4339 palatii
1548 4232 1769 4335 passim
1797 4226 2197 4333 mehtionem
2221 4242 2468 4317 faciunt
2492 4244 2788 4326 veteres,
2836 4261 2907 4313 et
2937 4236 3209 4335 quidem

649 4392 660 4401 ·
1828 4344 1943 4415 Rr
1959 4364 1995 4415 r
2040 4366 2123 4417 rr
2166 4364 2209 4417 2
2378 4350 2383 4355 ’
3018 4363 3211 4435 prae·

3474 4432 3633 4667 22·
