3825 4800
1407 375 1747 456 ‚IVRIS
1827 371 2346 456 ROMANI.
2871 417 2886 438 ·
3087 346 3256 474 645'

525 561 641 670 off
666 564 817 642 eim
828 617 851 657 ,
880 556 1019 640 ϊαί
1046 559 1279 650 mand.
1306 559 1556 640 iurisd.
1612 559 1663 637 l.
1677 584 1731 675 ,¹⁶
1772 561 1841 658 §-
1867 587 1946 654 4.
1989 561 2088 640 D.
2115 557 2202 638 de
2227 531 2518 664 Jt'asp-ecl.
2563 575 2814 654 tutor(
2832 579 2910 640 et
2949 560 3228 640 Ennius
3393 580 3410 604 ⁵

518 665 875 746 Proculus
908 665 961 742 l.
986 689 1053 754 5.
1078 664 1147 758 §.
1164 688 1215 740 1.
1250 669 1347 741 D.
1376 665 1461 740 cle
1492 663 1631 740 iar.
1658 688 1952 741 tmmun.
2616 712 2633 727 ·

736 765 1515 844 AGRIPPINENSIS
1569 763 1901 858 colonia,
1969 764 2050 840 in
2073 761 2424 842 inferiore
2457 763 2896 861 Germania,
2932 763 3022 843 ad
3035 765 3236 844 Rhe-

519 895 744 960 num„
776 867 921 944 ·vbi
950 863 1356 944 hodienum
1416 863 1587 942 vrbs
1638 867 2030 968 antiquum
2059 864 2419 945 Coloniae
2451 888 2731 944 nomen
2762 867 3051 945 retinet.
3115 871 3232 946 O-

518 975 645 1050 lim
680 991 833 1046 erat
860 967 1225 1046 Vbiorum
1256 989 1515 1071 caput,
1541 968 1719 1070 post
1752 966 2042 1044 colonia
2083 967 2262 1048 iuris
2307 966 2578 1060 Italici,
2628 970 2680 1048 l.
2707 984 2774 1057 8.
2815 971 2886 1068 §.
2905 998 2967 1048 2.
3013 971 3111 1048 D.
3143 969 3232 1046 de

519 1070 705 1174 cens?
744 1093 937 1172 quae
962 1069 1052 1146 ab
1078 1073 1148 1146 A
1232 1070 1509 1174 ippina,
1538 1067 1833 1148 Claudii
1858 1072 2054 1173 Imp.
2085 1092 2343 1164 vxore‚
2375 1093 2956 1172 cognomentum
2985 1069 3235 1164 traxit,

343 1221 360 1226 -
518 1177 767 1256 Tacit.
800 1169 1064 1248 Annal.
1094 1169 1143 1248 li
1198 1228 1214 1248 .
1246 1173 1416 1248 XII.
1464 1195 1617 1274 cap.
1646 1173 1978 1250 XXVII.

685 1275 1437 1364 ··ALEXANDRIA,
1498 1269 2059 1376 splendidiffima
2109 1273 2402 1364 ciuitas,
2483 1295 2564 1350 et
2603 1272 2936 1376 Aegypti
2985 1269 3232 1376 caput,
3281 1331 3306 1356 .

516 1377 605 1455 ab
647 1370 1076 1452 Alexandro
1106 1377 1213 1450 M.
1240 1373 1575 1468 condita,
1624 1395 1703 1452 et
1730 1373 1831 1451 ob
1860 1396 2125 1477 portus
2171 1374 2782 1458 commoditatem
2825 1379 2904 1451 in
2936 1379 3230 1452 tantum

514 1476 751 1568 aucta,
800 1496 883 1552 vt
906 1477 1034 1552 vni
1061 1495 1347 1552 tantum
1373 1479 1655 1554 Romae
1686 1475 2006 1554 cederet.
2102 1479 2366 1578 Quum
2399 1475 2684 1554 nullum
2719 1476 2820 1554 ibi
2893 1475 3224 1554 ublicum

514 1577 891 1670 confilium
920 1575 1195 1654 ferrent
1232 1577 1583 1656 Romani:
1629 1578 1741 1656 ius
1760 1577 2286 1658 Alexandrinis
2318 1577 2611 1658 dicebat
2650 1579 2800 1658 luri
2855 1603 3013 1656 icus
3042 1575 3226 1654 Ale·-

513 1679 908 1764 xandrinae
953 1678 1269 1755 ciuitatis
1290 1733 1315 1772 ,
1413 1678 1515 1755 de
1556 1703 1722 1781 quo
1762 1681 1884 1758 tit.
1931 1681 2032 1758 D.
2066 1681 2156 1759 de
2191 1680 2358 1783 offic.
2405 1681 2713 1760 iuridici.
2813 1673 3102 1758 Ibidem
3151 1697 3228 1754 et

512 1779 930 1866 Praefenus
976 1779 1385 1882 Augustalis
1438 1781 1771 1884 Aegypti
1808 1779 2088 1860 solebat
2127 1781 2418 1886 degere.
2519 1784 2770 1862 Saltim
2813 1807 2972 1862 non
3013 1779 3223 1884 prius

510 1881 895 1966 decefforis
925 1881 1243 1984 potestas
1284 1879 1718 1983 exspirabat,
1766 1907 1989 1984 quam
2023 1879 2380 1962 succefl'or
2408 1881 2932 1974 Alexandriam
3015 1905 3227 1959 erue-

510 1985 723 2067 niss‘et
740 2037 765 2076 ,
818 1982 1157 2082 quamuis
1188 1981 1333 2058 iam
1362 1981 1536 2058 effet
1558 1983 1637 2060 in
1660 1983 2066 2085 prouincia.
2115 1985 2166 2062 l.
2200 2010 2251 2063 1.
2289 1991 2385 2064 D.
2427 1986 2513 2062 de
2547 1983 2714 2086 offic.
2747 2008 2936 2090 prae
2971 2042 2989 2062 .
3032 1978 3222 2086 Aug.

510 2085 851 2167 Feminas
880 2081 1407 2160 Alexandrinas
1434 2081 1841 2162 foecundas
1886 2081 2204 2160 celebrat
2252 2087 2304 2164 l.
2325 2113 2390 2178 3.
2426 2091 2522 2164 D.
2547 2086 2632 2186 fi
2649 2108 2837 2189 pars
2877 2086 3030 2164 her.
3065 2105 3222 2185 pet.

515 2191 569 2268 l.
590 2213 673 2280 7.
692 2205 817 2288 pr.
850 2187 947 2262 D.
986 2183 1073 2260 de
1096 2183 1239 2264 reb.
1276 2184 1433 2261 dub.
1483 2184 1535 2263 l.
1554 2193 1658 2276 36.
1708 2181 1807 2262 D.
1842 2184 1932 2260 de
1957 2179 2180 2282 stelut.
2223 2207 2295 2260 et
2335 2186 2621 2266 liberat.
2723 2185 3225 2288 Elemporiam

512 2309 591 2368 et
627 2285 1100 2389 Ospraturam
1138 2283 1337 2387 apud
1376 2283 1912 2366 Alexandrinos
1955 2283 2464 2387 patrimoniale
2507 2310 2780 2365 munus
2833 2285 3040 2366 fuisse
3084 2284 3225 2362 do-

513 2412 637 2469 cet
678 2386 1038 2467 Aroedius
1070 2383 1435 2466 Charifius
1474 2389 1525 2465 l.
1557 2402 1651 2473 18·
1683 2387 1751 2483 §.
1796 2391 1887 2479 φ’.
1926 2389 2022 2465 D.
2047 2386 2138 2463 de
2173 2412 2366 2465 mun.
2399 2410 2472 2465 et
2501 2385 2658 2466 hon.

715 2490 1181 2568 ALGIDVS
1226 2496 1485 2582 monS,
1546 2486 1747 2569 vnde
1786 2486 2154 2590 legione8‚
2227 2509 2414 2571 tunc,
2449 2488 2616 2566 belli
2657 2486 2958 2593 gerendi
2999 2488 3224 2569 must&

507 2612 1003 2672 commoratae
1028 2588 1222 2693 ligna
1252 2590 1333 2667 in
1368 2590 1833 2669 Auentinum
1862 2589 2419 2686 transtulerunt,
2482 2592 3066 2671 et-Decemuiris
3117 2593 3221 2669 ob

509 2694 746 2801 Appii
790 2692 1169 2770 libidinem
1206 2688 1463 2769 exosis·
1486 2690 1925 2794 abrogarunt
1961 2692 2064 2769 im
2169 2692 2362 2769 rium
2413 2694 2464 2771 l.
2505 2723 2566 2773 2.
2611 2694 2680 2791 §.
2735 2721 2854 2787 24.
2899 2696 2988 2775 de
3031 2697 3116 2772 O.
3166 2694 3224 2773 I.

510 2802 701 2879 Non
732 2792 997 2898 proc'ul.
1022 2794 1221 2870 abest
1250 2819 1289 2870 a
1322 2792 1657 2871 Tusculo
1670 2846 1695 2886 ,
1742 2790 1866 2869 fibi
1927 2818 2019 2869 ue
2063 2792 2496 2897 impolitum
2543 2796 2724 2871 olim
2773 2794 3030 2873 habuit
3082 2820 3220 2901 op-

564 2899 773 2976 idum
808 2897 1293 2998 cognomine,
1336 2894 1425 2970 ab
1450 2893 1739 2997 Aequis
1766 2892 2205 2991 habitatum,
2255 2916 2334 2971 et
2359 2892 2602 2971 filuam
2618 2950 2642 2991 ‚
2710 2894 2976 2975 fficiam
3010 2898 3222 3002 Algi-

508 2919 717 3090 gam,
780 2998 989 3074 cuius
1040 2997 1121 3073 in
1172 2994 1481 3098 ingreffu
1524 3015 1677 3071 erat
1714 2992 2039 3095 Regillus
2093 2992 2288 3071 lacus
2331 2996 2839 3077 Romanorum
2881 3000 3218 3105 periculo

507 3099 963 3199 vicioriaque
1004 3098 1539 3175 celeberrimus.
1590 3096 1757 3173 Liu.
1806 3094 1974 3173 Lib.
2001 3097 2131 3172 ΙΙΙ.
2164 3096 2350 3197 Cap.
2382 3098 2666 3176 XXIX.

710 3200 1225 3278 AMMINEA
1270 3198 1511 3315 Regio
1552 3196 2034 3299 Campaniae,
2085 3195 2212 3271 vbi
2245 3195 2627 3293 Falernus,
2699 3198 2854 3277 vini
2903 3222 3218 3303 genero-

506 3300 741 3381 fiffimi
773 3298 995 3382 ferax.
1090 3300 1319 3379 Vnde
1350 3322 1605 3377 vinum
1628 3298 2136 3377 Ammineum.
2187 3296 2239 3374 l.
2271 3306 2360 3375 16.
2393 3300 2461 3397 §.
2485 3328 2546 3377 2.
2580 3304 2678 3381 D.
2719 3302 2806 3379 de
2861 3324 3024 3381 trtt.
3065 3301 3214 3379 vin.

505 3408 594 3485 ol.
648 3402 855 3505 Virg.
886 3403 963 3479 in
1006 3404 1285 3504 Georg.
1576 3494 1579 3499 Ι

923 3507 1103 3585 Sunt
1132 3526 1205 3581 et
1234 3501 1651 3580 Ammineae
1677 3503 1866 3581 vites
1889 3498 2300 3603 firmiffi'ma
2337 3503 2531 3583 vina.

510 3614 603 3693 Et
637 3608 923 3693 Auson.
1696 3635 1703 3643 ,

506 3766 514 3775 .
894 3706 1105 3785 ‘Solus
1133 3703 1263 3807 qui
1291 3700 1539 3781 Chium
1564 3700 1804 3801 mtstet
1856 3722 1933 3779 et
1961 3702 2438 3794 Ammineum.
2541 3722 2548 3729 ·

596 3872 603 3879 -
700 3807 1329 3893 ANTIOCHIA
1382 3802 1674 3881 vrbium
1718 3802 2024 3879 orientis
2071 3805 2426 3901 maxima,
2515 3804 3049 3887 Seulacidarum
3101 3831 3216 3885 re-

504 3914 955 4023 gum-sedes,
1019 3930 1095 3985 et
1124 3907 1353 3985 totius
1408 3906 1653 4005 Syriae
1696 3902 1827 3981 sub
1878 3905 2226 3983 Romanis
2273 3906 2746 4013 metropoli3‚
2826 3936 2866 3988 a
2907 3902 3218 3990 Seleuco

502 4012 856 4097 Nicatore
886 4036 1081 4093 anno
1112 4004 1577 4125 Olympiadis
1606 4008 1845 4085 CXX.
1876 4006 2160 4109 prime,
2209 4006 2285 4085 id
2313 4008 2456 4103 est,
2509 4010 2596 4086 ab
2641 4036 2711 4087 v.
2764 4040 2829 4093 c.
2891 4038 3218 4093 ccccuv.

500 4118 835 4211 condita,
882 4138 958 4193 et
993 4138 1035 4191 a
1069 4133 1275 4218 patre
1308 4134 1465 4187 eius
1518 4106 1905 4185 A‘ntiocho
1942 4110 2459 4213 cognominata
2493 4112 2916 4194 Antiochia.
2963 4114 3216 4194 lustin.

500 4218 667 4299 Lib.
697 4222 871 4301 XV.
902 4220 1089 4323 Cap.
1126 4214 1267 4295 IV.
1314 4210 1515 4313 Syria
1560 4233 1754 4289 anno
1801 4236 1873 4287 v.
1925 4237 1991 4289 c.
2043 4234 2282 4291 rocxc.
2334 4238 2372 4291 a
2421 4214 2786 4321 Pompeio
2835 4238 3214 4321 occupata,

757 4373 766 4381 .
1754 4312 1938 4391 Mm
1981 4337 2060 4391 m
2077 4336 2152 4391 m
2190 4340 2234 4413 3
2943 4318 3220 4431 Ando-
