3825 4800
694 364 796 439 132
1000 308 1519 417 msTomA
1566 335 2240 447 Emc‘ronM,
2285 336 2438 419 ET
2481 338 2850 421 Emc’n
2897 340 3224 443 pmu’„

698 524 803 601 les
838 544 997 600 non
1034 521 1277 599 minus
1296 574 1319 613 ,
1370 544 1595 623 quam
1632 522 1833 601 ciues
1858 518 2350 619 obstrinxifl'e,
2397 521 2650 603 multis
2693 523 3054 629 exemplis
3088 522 3407 607 demon-

696 626 932 703 strarit
956 623 1285 701 laudatus
1318 622 1565 739 paullo
1606 646 1775 701 ante
1812 625 2088 703 Ezech.
2125 624 2518 730 spanhem.
2561 626 2734 705 Orb.
2775 626 2967 704 Rom.
3013 630 3264 709 Exere.
3309 633 3408 713 II.

700 731 802 829 Ca
848 786 865 801 .
906 730 1055 805 VII.
1152 724 1297 803 His
1322 724 1601 803 mribus
1640 750 1819 831 ergo
1858 726 2296 831 regebantur
2339 726 2824 831 prouinciales
2871 752 2910 805 a
2963 728 3410 813 Praefidibus

697 828 872 909 suis:
924 826 1193 929 quibus
1218 848 1465 903 tamen
1490 829 1837 905 omnibus
1878 828 2110 907 veluti
2154 828 2552 907 anstai-ium
2601 828 2906 933 aliquod
2949 832 3066 911 vel
3093 830 3193 913 ,su
3304 834 3412 911 le·-

698 952 1035 1011 mentum
1058 927 1499 1005 accedebant
1554 956 1829 1017 ΕοιοτΑ
1888 928 2401 1009 Pnovmcmua
2416 984 2442 1024 ,
2518 931 2790 1033 quibus
2834 931 3194 1011 Praefides
3321 960 3414 1011 o-

698 1032 895 1119 mani
916 1086 939 1127 ,
988 1028 1119 1108 sub
1160 1054 1249 1105 au
1332 1030 1561 1109 icium
1588 1031 2035 1147 magistratus
2063 1030 2169 1109 sui
2184 1085 2209 1127 ,
2258 1032 2654 1135 quomodo
2677 1033 2796 1111 ius
2841 1032 2936 1111 de
2979 1032 3226 1113 cauffis
3269 1034 3412 1115 sm·-

697 1134 883 1241 gulis
920 1132 1183 1210 diciuri
1308 1153 1436 1209 ent
1455 1187 1480 1225 ,
1583 1132 2100 1211 roumcialibus
2129 1134 2702 1229 denunciabant,
2750 1156 2834 1213 vt
2849 1136 3056 1217 ‘rec'te
3107 1136 3406 1241 leripse-

692 1238 807 1318 rit'
820 1238 987 1315 Car.
1012 1234 1353 1337 Sigonius
1394 1234 1481 1311 de
1544 1261 1681 1312 ure
1699 1255 1901 1335 prou.
1927 1239 2024 1329 II,
2045 1264 2113 1331 5.
2227 1239 2476 1341 Qum
2513 1237 2780 1341 legibus
2823 1238 3057 1317 o'mnia
3097 1260 3410 1340 compre-
3562 1322 3576 1336 ,

696 1338 908 1417 hendi
936 1362 1076 1413 non
1088 1332 1466 1452 potutffimt
1480 1364 1509 1414 .·
1537 1334 1817 1438 fadum
1842 1336 1944 1435 est
1956 1391 1979 1432 ,
2027 1362 2115 1417 vt
2147 1342 2384 1418 multa
2411 1339 2644 1417 edida·
2688 1336 2854 1440 ipsis
2867 1341 3255 1441 praetoria
3250 1338 3410 1439 sint
3503 1352 3511 1360 ‘

684 1435 1021 1545 permtffit
1034 1492 1057 1531 ‚
1087 1435 1446 1542 fiqusdem
1458 1493 1481 1531 ‚
1532 1460 1615 1516 vt
1656 1439 2044 1517 Praetores
2089 1438 2382 1533 vrbam',
2445 1442 2710 1521 Romae
2753 1466 2876 1517 ma
2923 1438 3258 1539 {stratum
3289 1442 3406 1519 in·-

694 1564 945 1621 euntes
970 1540 1189 1617 effla
1202 1539 1731 1655 ‘propaefifer-unt
1746 1595 1769 1636 ,
1818 1568 1913 1619 ex
1943 1545 2190 1645 quibus
2214 1543 2318 1621 ius
2326 1538 2414 1641 fi·
2438 1543 2743 1621 diffisuros
2764 1468 3408 1647 cffijgprfiffismu

502 1699 511 1707 -
676 1642 787 1744 fic
808 1640 1165 1745 pracfides
1188 1669 1263 1756 ιη
1280 1663 1687 1756 ρνοκινζειαε
1710 1644 2026 1744 ingr-effi,
2073 1666 2149 1723 et
2185 1640 2463 1746 {psisua
2488 1644 2714 1721 edida
2738 1644 3044 1746 fingulic
3087 1640 3178 1721 de
3203 1646 3406 1723 rebus

694 1746 1081 1845 diligenter
1100 1740 1382 1843 strtpta
1422 1743 1797 1821 edtderunt
1808 1795 1835 1838 ,
1906 1748 2014 1827 ad
2057 1772 2285 1853 eaque
2311 1742 2554 1848 postea
2593 1768 2826 1825 totam
2865 1744 3406 1829 inradidionem

677 1842 893 1999 [uam
926 1845 1559 1935 accommodarunt.
1921 1950 1992 2046 S·
2061 1950 2194 2027 HL
2319 1923 2324 1927 ,
2433 1918 2438 1925 ,
2822 1900 2844 1907 --

709 2094 717 2101 -
1052 2050 1151 2125 Et
1178 2071 1674 2143 pnoconsvms
1692 2050 2000 2151 quidem
2013 2050 2176 2129 talia
2197 2046 2650 2155 proposuiss'e
2675 2048 3132 2145 edistaim&
3143 2068 3409 2130 omnes

638 2154 645 2161 '
693 2148 1019 2244 constat,
1076 2148 1307 2252 idque
1350 2152 1469 2229 vel
1504 2148 1655 2228 sola
1682 2155 1961 2233 euincit
1998 2150 2314 2231 formula
2351 2152 2434 2229 in
2480 2152 2646 2230 Caii
2693 2150 3264 2250 Commentariis
3285 2198 3294 2205 -
3315 2150 3410 2229 ad

692 2250 1017 2329 edietum
1048 2253 1499 2355 prouinciale
1582 2250 1777 2332 affim
1804 2255 2061 2333 obuia:
2135 2280 2298 2333 Am·
2342 2254 2958 2333 PRocoNsvxfl.
2985 2281 3064 2349 4.
3086 2256 3186 2331 D.
3213 2250 3418 2357 quod
3463 2294 3468 2299 ·

694 2359 974 2459 quicqu.
995 2353 1139 2432 iar.
1189 2355 1239 2432 l.
1284 2378 1331 2432 1.
1364 2358 1463 2432 D.
1520 2384 1548 2434 ι
1562 2362 1739 2534 ¹quit
1786 2381 1976 2437 caut.
2004 2356 2080 2434 in
2103 2356 2250 2438 iud.
2274 2352 2426 2455 fist.
2453 2350 2861 2459 caufflfiaed„
2879 2380 3017 2436 non
3057 2356 3194 2435 obt.
3293 2358 3412 2436 At

694 2453 931 2532 nolim
974 2455 1384 2550 existimeS,
1446 2459 1533 2536 iis
1590 2457 1728 2534 olis
1774 2459 1887 2536 ius
1916 2457 2122 2536 fuisse
2139 2513 2162 2552 ‚
2233 2457 2460 2536 edifia
2503 2458 2978 2562 prouincialia
3003 2455 3406 2538 reddendi.

693 2553 905 2634 Idem
936 2555 1135 2632 enim
1162 2556 1525 2637 faciebant
1544 2581 1623 2637 et
1648 2559 1940 2663 reliqui,
2043 2563 2121 2637 ui
2152 2585 2324 2638 cum
2351 2561 2672 2664 imperio
2685 2582 3064 2666 praeerant
3089 2560 3404 2664 prouin-

696 2659 848 2734 ciis.
948 2659 1036 2734 In
1064 2657 1375 2736 Siciliam
1404 2661 1763 2738 ordinarie
1788 2663 1962 2740 mitt
2053 2683 2268 2740 antur
2305 2685 2714 2742 marrones
2727 2715 2751 2757 ,
2799 2687 2960 2746 non
2992 2659 3410 2765 proconsu-

690 2759 819 2836 les.
916 2761 1013 2837 Et
1040 2781 1287 2836 tamen
1310 2763 1495 2840 nihil
1522 2765 1771 2840 notius
1801 2765 1913 2842 est
1953 2763 2196 2842 edieto
2225 2763 2472 2844 Siculo
2482 2816 2506 2858 ,
2557 2763 2774 2866 quale
2811 2763 2957 2874 fuit
2995 2785 3074 2840 et
3097 2761 3280 2842 illud
3307 2765 3410 2844 C.

693 2859 951 2940 Verris
967 2914 989 2950 ,
1032 2883 1183 2940 tam
1214 2863 1471 2942 acriter
1494 2864 2018 2970 reprehensum
2049 2893 2086 2943 a
2103 2867 2481 2946 Cicerone
2511 2866 2844 2944 oratione
2869 2865 2952 2943 in
2961 2867 3284 2946 Verrem
3293 2861 3410 2942 se-

694 2961 971 3058 cunda,
1016 2987 1093 3040 et
1131 2963 1326 3044 aliud
1350 2969 1441 3050 L.
1472 2969 1822 3062 Domitii,
1873 2992 2034 3071 quo
2061 2969 2246 3046 teste
2278 2967 2581 3046 Valerio
2609 2971 2812 3048 Max⁰
2847 2971 2977 3060 VI,
2992 2993 3069 3060 3,
3099 2977 3158 3044 6.
3206 2967 3414 3048 inter

690 3064 823 3142 alia
850 3089 1147 3143 mutum
1175 3065 1441 3164 fuerat,
1470 3095 1559 3146 ne
1579 3077 1740 3175 quir
1770 3073 1995 3150 telum
2019 3069 2344 3164 haberet,
2373 3095 2457 3148 ac
2487 3069 2810 3172 denique
2827 3073 2905 3149 P.
2919 3069 3188 3148 Licinii
3201 3074 3410 3150 Ner-

692 3189 865 3260 uae,
916 3165 1012 3244 de
1038 3193 1197 3270 quo
1218 3171 1371 3248 Dio
1399 3173 1476 3249 in
1496 3173 1825 3274 Excerpt.
1860 3171 2314 3272 Peirai-iam&
2337 3195 2414 3275 p.
2443 3185 2572 3267 633.
2619 3170 2882 3264 refert,
2935 3171 3410 3274 eumingres-

691 3265 855 3346 sum
878 3269 1192 3349 Siciliam
1218 3271 1462 3352 ediao
1490 3274 1847 3350 monuisse
1858 3329 1883 3367 ,
1914 3279 2284 3374 οὲφικὲῖοθαφ
2311 3276 2476 3382 τεὸς
2507 3277 2739 3353 ἑαυτδν
2751 3277 3018 3358 πάντας
3045 3280 3168 3360 ‘tric
3192 3275 3424 3358 οὐτιωο.

686 3372 876 3468 μένες
912 3403 975 3449 τι
1002 3375 1117 3457 vde
1148 3369 1480 3460 δέσποτσις
1512 3383 1701 3466 σφῶν
1716 3433 1734 3460 ,
1782 3380 1863 3461 ὦς
1888 3380 2000 3473 καὶ
2027 3377 2374 3471 βοηθήσων
2413 3379 2657 3460 αἰυτοῒς.
2709 3371 3238 3474 εκηᾶὰῘθνκὲ,
3267 3377 3410 3480 qui

688 3471 778 3548 de
802 3471 1095 3552 dominis
1105 3472 1258 3573 suis
1296 3473 1743 3579 conquesturi
1776 3483 1821 3554 'e
1868 3499 1992 3555 ent
2007 3531 2029 3571 ,
2071 3475 2159 3579 se}
2185 3475 2312 3579 sui
2343 3476 2652 3556 adeundi
2701 3478 2968 3581 copiam
2986 3476 3406 3584 sardarum,

688 3577 1187 3681 auxiliumque
1214 3577 1299 3653 iic
1337 3578 1687 3656 laturum.
1832 3581 1935 3656 ub
1963 3580 2292 3658 Traiano
2319 3579 2589 3656 Plinius
2603 3633 2628 3672 ,
2679 3578 2814 3680 qui
2825 3579 3214 3680 Bithyniae
3241 3601 3410 3658 tan-
3523 3619 3528 3629 ·

688 3699 919 3779 quam
956 3703 1281 3782 u-:GA‘rvs
1330 3704 1507 3756 Avo.
1558 3704 1701 3757 ruo
1747 3707 2000 3759 PRAET.
2031 3703 2394 3784 praeerat,
2441 3703 2600 3758 non
2627 3680 2862 3758 modo
2891 3683 3041 3760 Lib.
3070 3685 3159 3760 X.
3185 3683 3255 3758 E
3291 3681 3408 3780 ist.

688 3790 805 3873 64.
838 3779 1122 3860 Seruilii
1166 3779 1379 3860 Calui
1396 3837 1421 3876 ,
1480 3781 1936 3860 antecessoris
1979 3779 2088 3858 sui
2127 3783 2450 3868 edi‘stum
2491 3803 3064 3884 commemorat,
3145 3781 3220 3862 se
3301 3787 3407 3866 ‘er

616 3951 622 3960 .
689 3877 899 3981 Epist.
920 3907 1037 3972 97.
1070 3882 1401 3962 eiusdem
1428 3881 1591 3960 libri
1620 3882 1831 3962 suum
1868 3883 2192 3962 edietum
2225 3882 2502 3976 laudat,
2551 3908 2712 3986 quo
2759 3881 3162 3962 secundum
3189 3909 3402 3964 man·-

683 3979 852 4088 data
876 3983 1177 4070 Traiani
1204 3984 1551 4062 hetaerias
1578 3985 1717 4064 esst:
1742 3987 2085 4065 vetuerit.
2181 3987 2440 4091 Qun
2497 4007 2594 4060 ue
2628 3984 2876 4088 paullo
2907 3987 3406 4064 verecundior

684 4081 859 4160 estet
880 4082 960 4160 in
988 4083 1350 4161 edicendo
1363 4141 1390 4181 ‚
1440 4112 1522 4162 ac
1548 4089 1862 4205 proinde
1888 4089 1986 4164 de
2013 4085 2386 4205 plerisque
2411 4111 2450 4162 a
2515 4087 2920 4164 Traianum
2953 4089 3142 4192 Imp.
3175 4086 3409 4166 refer-

574 4215 615 4248 ·-
685 4205 835 4290 ret:
878 4184 1005 4266 hic
1027 4184 1330 4289 Epistola
1355 4189 1495 4268 CA:
1539 4190 1721 4278 ideo
1744 4193 1825 4283 se
1856 4189 2176 4270 Plimum
2199 4187 2626 4299 prouinciae
2651 4186 3066 4295 praefecifle
3087 4213 3398 4397 moJeQ

2996 4363 3002 4370 .
3131 4313 3217 4370 ‘ut
3277 4318 3400 4370 or-
