3825 4800
2011 76 2016 85 .
2140 25 2168 62 N

516 411 682 489 Lm
708 410 790 488 .1.
816 404 1041 489 CAP.
1064 404 1165 485 v.
1190 402 1195 407 ·
1222 402 1360 483 DE
1398 366 1791 483 Tv'Rms-
1814 402 1944 481 rN
1975 358 3078 495 Lvnov0911rAM1L.etc„
3110 356 3272 507 837²

518 590 957 671 fruerentur.
1048 586 1240 666 Inde
1277 610 1459 666 vero
1492 610 1723 691 porro
1739 586 2036 680 euenit,
2073 609 2160 667 vt
2191 612 2346 667 non
2375 591 2612 669 modo
2639 589 2970 687 liberiu3,
2995 588 3224 695 quam'

464 762 475 775 ,
522 694 928 799 Augustam
958 690 1303 783 decebat,
1334 691 1663 783 viueret,
1682 688 1803 765 sed
1822 710 1911 765 -et
1992 690 2316 769 'aullatim
2339 694 2438 770 ita
2462 690 2588 771 fibi
2611 694 3028 771 obnoxium
3055 694 3224 771 red.-

516 796 729 875 deret
778 795 1159 885 maritum,
1220 814 1303 895 ist
1344 791 1615 873 nullius
1658 793 1761 870 rei
1810 790 2038 871 ferret
2077 793 2459 893 repulsam.
2555 798 2710 873 Iam
2807 820 2990 875 uum
3039 794 3220 874 nihil

520 899 749 1002 magis
778 896 933 995 dies
958 894 1177 973 noete
1274 918 1367 970 ue
1397 914 1677 997 ageret,
1710 916 1940 997 quam
1967 915 2050 970 vt
2091 920 2436 975 CAROLVM
2465 896 2704 975 filium
2774 914 2954 975 uum
2989 900 3213 1001 quarn

516 996 1107 1107 potentiffimum
1134 996 1207 1073 vi
1258 1016 1452 1091 eret,
1502 1020 1541 1071 a
1576 997 2218 1075 Lvnovtcoweluti
2259 996 2391 1075 suo
2414 1000 2748 1105 quodam
2780 1001 2940 1078 iure
2967 1001 3249 1103 exige<
3313 1066 3322 1075 .
3415 1032 3422 1039 ·

518 1128 605 1181 re
628 1100 1201 1189 fibividebatur,
1252 1120 1335 1175 vt
1362 1096 1721 1183 rationem
1758 1099 2062 1177 haberet
2087 1098 2444 1203 linguinis
2473 1098 2622 1195 sui,
2653 1128 2798 1179 nec
2819 1100 3058 1179 filium
3085 1128 3216 1181 na·-

520 1228 607 1284 tu
641 1204 1031 1281 minimum
1068 1200 1301 1277 solum
1351 1200 1553 1303 regni
1595 1198 1960 1277 exsortem
2011 1198 2170 1278 effe·
2195 1218 2592 1307 pateretur:
2645 1204 2747 1281 illi
2781 1230 2937 1281 non
2969 1196 3216 1304 minus

516 1330 826 1411 regnum
858 1301 1197 1421 aliquod,
1248 1324 1471 1405 quam
1500 1328 1779 1379 mppmo
1808 1324 1936 1379 aut
1961 1326 2338 1382 tvnovtco
2369 1304 2658 1400 deberi,
2689 1328 2768 1382 et
2793 1296 3005 1383 tanto
3103 1306 3232 1383 uia--

514 1410 690 1486 dem
720 1428 1101 1512 potentius
1118 1460 1141 1498 ‚
1176 1426 1458 1506 quanto
1482 1402 1648 1506 plus
1673 1405 1777 1481 illi
1804 1431 1842 1481 a
1870 1403 2211 1483 fiatribus
2237 1406 2544 1511 periculi
2571 1408 2970 1485 immineat.
3047 1332 3220 1485 ‘iix-

421 1538 453 1561 ·
511 1508 877 1617 penderet
900 1521 1109 1612 pater
1136 1504 1383 1587 Caroli
1462 1507 1834 1601 ueritiam,
1858 1505 2212 1611 suamque
2251 1530 2564 1587 aetatem
2598 1510 2744 1589 iam
2769 1510 2850 1587 in
2896 1507 3234 1588 seneen-1
3276 1602 3282 1616 Ι

514 1636 673 1691 tem
700 1610 1095 1689 decliuem:
1144 1631 1395 1713 expen
1446 1630 1640 1701 eret,
1686 1610 1874 1711 quid
1901 1630 2140 1714 puero
2163 1610 2577 1706 immineat,
2618 1610 2670 1689 fi
2699 1611 2888 1715 quid
2923 1611 3051 1689 fibi
3077 1608 3222 1687 hu-
3277 1626 3282 1631 ’

516 1712 715 1794 mani
736 1708 1097 1790 acciderit.
1194 1713 1445 1815 Qem
1488 1710 1653 1788 orbi
1684 1710 1988 1789 cauffim
2031 1712 2408 1791 auarum?
2513 1738 2686 1792 uem
2715 1712 3224 1793 restituturum

516 1838 755 1894 tantae
788 1812 1091 1890 fratrum
1119 1813 1539 1915 potentiae?
1595 1816 1846 1918 Qem
1877 1814 2202 1917 denique
2231 1816 2356 1894 fibi
2398 1818 2470 1893 vi
2529 1842 2664 1895 uae
2703 1813 3040 1895 aduersus
3121 1813 3220 1891 ri-

518 1916 725 2021 uigni
766 1914 1053 1991 iniurias
1098 1912 1373 1989 auxilio
1419 1913 1791 2007 flitmum,
1853 1916 1981 1995 nifi
2021 1914 2174 2019 ipse
2217 1918 2432 1995 vinus
2465 1920 2844 2025 optimum
2873 1940 3014 2025 pro
3086 1974 3088 1977 ψ
3139 1915 3244 2003 '01

522 2016 904 2098 confilium
942 2014 1207 2119 capiat,
1266 2034 1691 2121 tantamque
1732 2018 2082 2094 attribuat
2117 2020 2322 2120 regni
2355 2042 2675 2123 partem,
2715 2044 2800 2103 vt
2828 2020 2972 2099 suis
3003 2016 3078 2096 se
3105 2016 3228 2094 vi-

516 2124 719 2201 ribus
755 2116 946 2195 tueri
964 2172 988 2211 ,
1030 2115 1487 2217 fratrumque
1510 2120 1659 2193 vim
1690 2138 2102 2220 Vtcumque
2128 2120 2550 2224 propulsare
2579 2120 2818 2227 poffit.
2917 2119 3224 2225 Specio-

516 2220 586 2301 sa
616 2223 794 2299 haec
826 2240 1010 2312 erat,
1058 2242 1197 2318 nec
1230 2218 1479 2319 iniqua
1512 2217 1851 2320 profecto
1877 2218 2276 2324 postulatio
2300 2276 2322 2310 ‚
2371 2220 2498 2299 nifi
2545 2248 2717 2299 cum
2759 2221 3222 2323 reliquorum

516 2324 821 2405 fratrum
855 2321 1109 2400 iniuria
1128 2319 1525 2397 coniumsta
1554 2318 1815 2397 fuiss‘et.
1912 2322 2108 2428 st
2133 2322 2332 2400 enim
2360 2322 2549 2429 patri
2583 2322 2768 2404 vitio
2798 2320 3136 2418 vertiffet,
3163 2319 3236 2397 fl

515 2425 859 2508 nondum
906 2422 1083 2501 fasta
1222 2422 1521 2500 rtitione
1558 2419 1796 2500 filium
1826 2447 2170 2526 quartum
2201 2426 2500 2529 reliquis
2527 2420 2866 2504 fratribus
2893 2422 3250 2504 deterio-‘

517 2545 673 2612 rem
714 2527 857 2606 effe
890 2526 1095 2610 nolui
1152 2531 1275 2602 et?
1334 2527 1447 2604 At
1490 2523 1777 2628 fingulis
1828 2528 1976 2604 iam
2015 2544 2219 2631 parte
2243 2525 2364 2606 sua
2397 2527 2751 2634 adfignata
2770 2582 2794 2624 ‚
2819 2550 2902 2607 et
2923 2527 3222 2614 Iuditha

515 2631 786 2714 maiora
808 2685 832 2724 ,
884 2651 1107 2730 quam
1148 2625 1307 2706 filio
1361 2650 1537 2705 natu
1583 2629 1894 2706 minimo
1931 2628 2216 2734 sperare
2241 2628 2348 2710 fas
2390 2653 2576 2726 erat,
2621 2629 3218 2736 concupiscente,

514 2741 929 2838 Imperator
955 2728 1029 2807 se
1060 2727 1152 2807 ad
1178 2729 1489 2808 summas
1516 2730 1871 2834 angustias
1898 2731 2540 2813 ,animaduertebat
2562 2733 2960 2812 redae‘tum.
3013 2734 3218 2812 Hinc

515 2762 711 2917 redte
736 2833 1147 2910 obseruauit
1186 2858 1609 2918 Nrrfflnovs
1622 2887 1646 2927 ‚
1676 2831 1757 2934 d)
1826 2834 2092 2912 Karolo
2137 2857 2306 2912 nato
2320 2891 2340 2922 ‚
2370 2837 2708 2940 quoniam
2749 2861 2952 2914 omne
2996 2837 3218 2937 impe-

515 2941 707 3018 rium
732 2939 927 3013 inter
951 2935 1267 3038 reliquos
1267 2935 1473 3034 filios
1485 2955 1709 3036 pater
1734 2935 2060 3034 dimst’rit
2073 2990 2097 3028 ‚
2132 2937 2317 3039 quid
2338 2935 2500 3015 huic
2509 2937 2824 3041 faceret,
2847 2934 3214 3041 ignoraſjb.
3291 3019 3314 3038 ,

516 3041 691 3122 Siue
714 3037 915 3120 enim
942 3057 1039 3111 ex
1066 3034 1393 3114 Lotharii
1419 3036 1737 3138 imperio
1767 3036 2042 3138 aliquid
2069 3037 2533 3140 decerperet,
2581 3037 2998 3139 periculum·
3033 3058 3210 3129 erat,

514 3169 611 3222 ne
638 3139 701 3219 is
738 3166 775 3217 a
799 3157 1011 3244 patre
1041 3135 1265 3239 magis
1294 3137 1517 3240 magis
1576 3161 1673 3213 ue
1694 3135 2076 3234 alienetur:
2125 3137 2275 3214 fiue
2305 3139 2702 3244 Pippinum
2729 3140 2850 3216 vel
2873 3137 3216 3219 Ludoui-

518 3269 690 3324 cum
716 3240 917 3320 fratri
960 3237 1141 3340 quid
1170 3236 1431 3315 cedere
1472 3242 1553 3315 iu
1605 3261 1799 3332 eret,
1834 3240 2106 3318 horum
2153 3242 2294 3316 iam
2337 3259 2502 3316 tum
2556 3261 2704 3316 tam
2747 3243 3012 3346 exig-ua
3055 3263 3216 3328 ,erat

517 3347 809 3455 portic,
846 3362 930 3419 vt
965 3341 1033 3420 se
1061 3338 1267 3446 supra
1308 3339 1629 3431 modum
1666 3339 1893 3419 laesos
1934 3349 2434 3443 quererentur.
2532 3345 2792 3444 Atque
2818 3343 2914 3420 ita
2947 3343 3217 3446 lupum

516 3450 748 3530 veluti
774 3445 1065 3523 auribus
1091 3441 1385 3520 tenebat
1406 3445 1854 3547 Imperator,
1904 3465 2022 3537 et,
2052 3441 2424 3545 quidquid
2455 3466 2797 3547 capturus
2825 3445 3002 3524 effer
3027 3467 3212 3522 con-

516 3553 643 3630 filii
656 3586 703 3646 ,·
730 3547 809 3629 id
840 3569 1107 3650 magno
1144 3567 1314 3621 cum
1350 3544 1684 3648 periculo
1728 3545 2210 3624 coniunctum
2254 3543 2589 3622 futurum
2632 3543 2844 3624 facile
2886 3545 3210 3627 animad-

380 3743 408 3764 χ
517 3655 870 3733 uertebat.
2763 3693 2772 3702 .

771 3753 935 3831 1111.
985 3751 1099 3827 Ex
1156 3744 1333 3824 entis
1364 3757 1652 3842 tamen,
1700 3769 1891 3850 quae
1915 3747 2072 3824 huc
2090 3743 2328 3825 facere
2351 3745 2810 3830 videbantur·
2819 3751 3210 3846 omnibu3‚

513 3855 1067 3954 rationibusque
1122 3847 1477 3942 abductis,
1493 3874 1932 3928 Lo’rfflmvm
1947 3849 2242 3953 adgredi
2269 3851 2540 3928 statuit.
2601 3853 2792 3932 Eum
2812 3876 2988 3958 ergo
3001 3876 3210 3958 rogat

510 3957 1099 4055 obtestaturque,
1159 3973 1245 4029 vt
1274 3949 1589 4054 aliquam
1626 3951 1831 4055 regni
1866 3948 1978 4030 sui
2021 3973 2306 4056 partem
2341 3977 2634 4034 canoto
2667 3951 2870 4035 fratri
2907 3957 3206 4038 attribui

2985 4063 3216 4168 patia-
3333 4059 3344 4068 “

507 4387 517 4396 ¹
598 4361 603 4368 Ι
662 4266 734 4358 d)
780 4261 928 4338 Lib.
962 4267 1017 4338 1.
1050 4264 1124 4358 pi
1152 4277 1297 4356 435.
1739 4361 1928 4436 Nun
1971 4383 2079 4434 nn
2131 4385 2164 4452 3
2283 4393 2290 4402 Ο
