3825 4800
672 340 794 397 m.
965 310 1485 394 HISTORIA
1530 308 2214 408 EDICTORVM,
2261 312 2410 393 ET
2455 310 2826 393 EDICTI
2871 312 3142 393 PERP.

525 515 545 533 ⁴
666 502 909 583 lustria
925 556 949 597 ,
998 520 1323 603 quomm
1350 522 1581 602 pauca
1626 498 1775 575 iam
1817 488 2230 603 speciminis
2279 494 2504 574 causta
2533 494 2926 601 proferam.
3021 500 3262 603 Leges
3289 497 3408 578 ci-

667 604 853 684 uiles
890 603 1253 683 astionem
1278 598 1639 701 uetabant
1665 597 2006 678 aduersus
2049 600 2650 704 promittentem,
2697 598 2749 677 fi
2781 598 3079 707 paetum
3103 624 3409 679 tantum

666 707 960 788 nudum
984 700 1493 783 interceffiflet.
1540 702 1593 783 l.
1619 726 1690 796 7.
1730 704 1799 801 §.
1832 728 1909 797 4.
1957 699 2056 780 D.
2081 702 2170 779 de
2198 704 2384 804 puel.
2433 704 2486 781 l.
2533 729 2624 781 ιο.
2667 704 2720 782 l.
2747 729 2837 781 21.
2879 704 2932 780 l.
2979 719 3084 791 28.
3127 706 3203 780 C.
3247 704 3406 783 eod.

668 806 881 915 Qd
912 809 1251 886 Praetor?
1300 808 1415 883 Vt
1454 799 1796 881 aduersus
1838 804 2280 907 argentarios
2327 801 2476 881 fine
2497 804 2970 909 stipulatione
2999 805 3186 907 quid
3215 830 3407 910 pro-

668 916 1049 991 mittentes
1080 906 1441 985 astionem
1471 905 1642 984 dare
1674 905 1950 1011 poffet,
1997 930 2288 985 nouum
2316 907 2761 1010 excogitauit
2785 906 3234 984 vocabulum
3246 962 3270 1002 ,
3323 928 3410 985 et

664 1012 1107 1119 argentarios
1154 1032 1316 1087 non
1358 1008 1543 1087 nudo
1570 1010 1777 1111 pado
1811 1009 2263 1109 promittere,
2297 1004 2422 1085 sed
2461 1034 2817 1103 memma,
2858 1007 3075 1104 dixit,
3115 1034 3404 1113 quum:

668 1140 825 1219 que
854 1140 951 1192 ex
980 1112 1244 1218 prioris
1278 1110 1561 1227 generis
1604 1108 1960 1214 promiss‘o
2005 1108 2280 1187 nullam
2319 1108 2492 1187 dare
2535 1110 2898 1189 afflonem
2995 1110 3176 1189 offet
3190 1166 3213 1205 ,
3265 1110 3408 1189 ad·-

666 1215 918 1296 uersus
962 1233 1405 1319 argentarios
1444 1234 1697 1289 tamen
1723 1266 1748 1305 ,
1834 1210 2115 1315 aliquid
2159 1212 2598 1316 recipientes
2641 1210 2884 1291 edicito
2951 1237 3059 1289 uo
3099 1214 3402 1293 inuexit

665 1342 1051 1399 Ac‘rtoxssm
1098 1340 1604 1412 RE52EPT1T1AM.
1666 1312 1717 1392 l.
1746 1342 1807 1392 2.
1840 1315 1915 1391 G
1953 1314 2042 1391 cle
2071 1311 2276 1412 const.
2290 1335 2443 1416 pec.
2563 1316 3004 1394 Tantumne
3043 1313 3404 1395 differunt

664 1423 981 1525 recipere
1006 1440 1082 1495 et
1095 1418 1561 1521 promittere,
1611 1437 1699 1494 vt
1730 1440 1827 1493 ex
1858 1417 2106 1519 priore
2131 1414 2318 1492 aetio
2349 1416 2504 1493 dari
2547 1416 2846 1513 debeat,
2897 1444 2994 1495 ex
3025 1418 3402 1523 posterio-⁴

665 1548 749 1602 re
774 1546 931 1601 non
962 1521 1269 1597 debeat?
1330 1518 1453 1597 Sic
1492 1540 1733 1619 quum
1766 1521 1998 1635 porro
2026 1516 2348 1622 placeret
2387 1520 2750 1617 Praetori,
2813 1521 3273 1625 receptitiam
3299 1519 3398 1597 il-

660 1626 807 1703 lam
840 1623 1203 1705 anienem
1220 1618 1553 1725 proferre
1582 1618 1675 1697 ad
1700 1618 1877 1697 ahos
1897 1674 1922 1713 ,
1970 1620 2126 1723 qui,
2140 1620 2480 1723 quamuis
2513 1646 2672 1700 non
2697 1644 3124 1700 exercerent
3135 1648 3402 1727 argen-

661 1726 955 1821 tariam,
1004 1748 1165 1801 rem
1204 1744 1495 1815 tamen,
1556 1744 1748 1823 quae
1776 1744 2120 1815 numero,
2159 1719 2491 1800 mensura
2529 1723 2650 1801 vel
2687 1724 3022 1829 pondere
3065 1728 3396 1820 constat,

662 1854 763 1907 ex
788 1825 1007 1946 pasto
1034 1823 1245 1930 nudo
1278 1848 1315 1899 a
1346 1820 1421 1900 se
1446 1822 1696 1900 aliisue
1726 1822 2052 1903 debitam
2079 1820 2154 1900 se
2181 1824 2652 1927 praestituros
2681 1826 3198 1930 promiserant,
3245 1843 3396 1905 no-

664 1953 771 2007 uo
802 1950 1073 2007 iter-um
1098 1950 1295 2031 opus
1326 1948 1479 2003 erat
1504 1925 1871 2002 vocabulo
1884 1980 1908 2018 ,
1963 1924 2172 2027 quod
2187 1980 2210 2019 ,
2261 1951 2422 2029 quo
2446 1950 2602 2005 erat
2623 1931 2984 2024 acumine,
3029 1928 3240 2008 facile
3271 1954 3394 2007 re-

662 2030 995 2139 periebat
1004 2034 1329 2107 Praevor.
1423 2027 1693 2105 Aiebat
1718 2028 1924 2105 enim
1942 2051 2074 2104 eos
2101 2052 2258 2105 non
2290 2028 2722 2131 prornififfe,
2768 2029 2894 2109 sed
2917 2057 3396 2111 cous-rrrvrs-

663 2153 745 2213 sE
795 2156 1203 2224 rsscvaM,
1250 2117 1595 2233 adeoque
1624 2128 2204 2207 mmmodiffima
2231 2129 2515 2209 occafio
2541 2154 2730 2230 erat,
2783 2133 3145 2211 astionem
3178 2135 3396 2211 inue-

660 2234 891 2315 hendi
918 2232 1015 2309 de
1042 2252 1519 2311 coNs‘rrrvTA„
1562 2256 1911 2325 nevum,
1955 2230 2079 2309 vel
2097 2254 2778 2315 coNsmvTORIAM.
2803 2238 2855 2315 l.
2887 2262 2944 2315 ι.
2959 2238 3030 2335 §.
3059 2262 3112 2316 1.
3143 2238 3196 2315 l.
3211 2246 3300 2317 16.
3319 2237 3396 2335 5.

664 2367 729 2416 2.
774 2338 827 2416 l.
863 2350 956 2423 18.
986 2334 1061 2432 §.
1080 2358 1130 2413 ι.
1169 2352 1243 2409 et
1272 2334 1325 2411 l.
1350 2358 1451 2427 25.
1479 2334 1577 2411 D.
1604 2332 1693 2411 de
1718 2330 1923 2432 const.
1952 2353 2108 2446 pec.
2225 2336 2664 2416 Tantumne
2705 2334 3056 2416 differunt
3076 2340 3392 2446 promit*

662 2461 859 2534 tere,
910 2436 1260 2538 recipere,
1304 2431 1755 2533 constituere,
1804 2455 1891 2511 vt
1920 2435 2000 2512 in
2023 2435 2196 2513 foro
2219 2459 2374 2516 tam
2401 2437 2678 2518 diuersa
2707 2439 2956 2520 effeCia
2967 2441 3394 2546 producere

658 2541 1065 2618 deberent?
1113 2539 1421 2616 Notum
1448 2537 1555 2612 est
1580 2535 1907 2640 denique
1920 2591 1946 2633 ,
1993 2535 2322 2642 pignoris
2349 2541 2464 2618 ius
2493 2543 2780 2622 nullum
2809 2545 2967 2622 iure
2983 2544 3182 2622 ciuili
3203 2567 3392 2622 con-

660 2643 864 2720 stitui
893 2637 1208 2745 potuiffe
1239 2635 1385 2714 fine
1416 2635 1851 2732 traditione,
1897 2640 2098 2718 vnde
2126 2663 2204 2718 et
2228 2642 2423 2720 inter
2451 2647 2862 2725 conti-aetus
2877 2702 2904 2744 ,
2953 2648 3088 2750 qui
3117 2671 3196 2723 ne
3223 2647 3392 2722 ine-

560 2771 567 2776 ’
599 2815 621 2826 ,
662 2765 892 2821 untur
909 2795 936 2836 ,
984 2741 1093 2818 est
1120 2739 1537 2818 contraitus
1573 2739 1943 2845 pignoriq,
1991 2766 2088 2820 ne
2131 2745 2298 2846 quis
2339 2742 2466 2824 fibi
2501 2747 3000 2853 persuaderet,
3050 2749 3390 2866 pignoris

652 2845 771 2927 ius
807 2841 1005 2924 nuda
1032 2843 1535 2936 conuentione
1549 2895 1573 2935 ,
1604 2864 1681 2919 et
1706 2841 1853 2920 fine
1876 2842 2270 2923 traditione
2295 2848 2373 2924 in
2399 2871 2478 2926 re
2510 2851 2828 2953 quadam
2845 2853 3194 2928 constitui
3209 2873 3396 2953 pos-
3508 2919 3532 2928 ,

658 2947 757 3028 se:
804 2950 871 3047 §.
896 2947 1033 3044 vlt,
1060 2943 1228 3044 Inst.
1258 2945 1450 3050 quib.
1464 2945 1643 3024 mod.
1666 2971 1751 3022 re
1780 2967 2003 3024 contr.
2021 2948 2153 3025 obl.
2170 2948 2222 3025 l.
2252 2975 2303 3028 1.
2328 2951 2396 3048 §.
2413 2961 2473 3028 6.
2490 2955 2588 3032 D.
2615 2954 2702 3031 de
2726 2955 2856 3032 obl.
2885 2977 2960 3033 et
2985 2955 3115 3032 ac‘i'.
3167 2953 3390 3060 de

656 3051 955 3128 Seruius
984 3049 1334 3126 Praetor?
1377 3047 1449 3126 Is
1482 3069 1559 3124 et
1588 3047 1856 3152 pignus
1886 3047 2215 3145 inuenit,
2259 3053 2480 3130 etiam
2507 3056 2613 3132 rei
2637 3080 3050 3159 numquam
3077 3055 3390 3134 traditae

658 3151 1041 3230 inhaerens
1058 3205 1083 3246 ,
1133 3151 1362 3227 etiam.
1380 3151 1575 3228 nuda
1606 3149 2108 3227 conuentione
2143 3153 2623 3234 constitutum
2640 3210 2665 3251 ,
2721 3181 2800 3234 et
2825 3157 3188 3236 astionem
3203 3181 3390 3264 pro-

656 3251 1055 3332 dueturum
1078 3252 1157 3330 in
1183 3275 1345 3329 rem
1381 3250 1613 3329 saltim
1654 3275 1797 3356 pro
1832 3249 2206 3332 looetione
2235 3256 2708 3360 praediorum
2743 3261 3186 3338 rusticorum
3239 3286 3394 3365 op·

658 3357 1141 3462 pignoratam.
1189 3355 1257 3452 §.
1286 3377 1355 3446 7.
1384 3351 1545 3450 [nst.
1572 3354 1659 3431 de
1682 3355 1813 3432 ael.
1935 3357 2066 3433 Ne
2091 3378 2340 3435 tamen
2367 3358 2506 3436 iuri
2535 3361 2733 3438 ciuili
2777 3361 3146 3467 derogasse
3171 3363 3388 3440 vide·-

656 3455 921 3552 retur,
949 3479 1159 3534 nouo
1188 3457 1501 3535 inuento
1528 3455 1893 3533 vocabulo
1908 3510 1936 3552 ,
1985 3458 2196 3562 quod
2234 3485 2330 3538 ne
2355 3459 2599 3566 lingua
2633 3463 2942 3566 quidem
3019 3466 3192 3565 atria
3209 3462 3287 3542 su
3347 3505 3349 3508 Α
3482 3531 3489 3536 .

814 3561 987 3638 ’tare
1072 3577 1351 3674 oterat,
1398 3560 1980 3674 conuentionem
2025 3560 2220 3639 illam
2247 3587 2750 3644 HYPOTHECAM
2791 3567 2982 3672 adpe
3010 3561 3185 3645 lau'it
3199 3621 3223 3662 ,
3273 3489 3388 3646 g:

654 3662 980 3740 tentibus
1011 3658 1179 3767 ipfis
1212 3656 1763 3754 iunseonsulns,
1810 3660 2004 3738 inter
2082 3665 2295 3767 ignus
2327 3689 2406 3744 et
2419 3665 2926 3772 hypothecam
2959 3670 3388 3748 nihilinter-

652 3761 833 3859 effe,
883 3762 1007 3840 sed
1040 3785 1324 3843 tantum
1350 3763 1647 3841 nominis
1654 3759 1996 3861 sonumd
2001 3765 2016 3780 ⁶
2067 3793 2252 3846 erre.
2299 3768 2352 3846 l.
2371 3794 2438 3863 5.
2484 3769 2551 3868 §.
2581 3797 2630 3849 1.
2661 3769 2760 3848 D.
2803 3772 2888 3849 de
2923 3773 3272 3876 pignorib.
3305 3795 3386 3852 et
3484 3833 3493 3840 -

652 3863 823 3968 hyp.
920 3864 1129 3942 Plura
1153 3865 1421 3946 addere
1455 3865 1739 3958 liceret,
1789 3862 1921 3942 nisi
1947 3891 2086 3945 nos
2125 3867 2218 3946 ad
2251 3867 2323 3948 se
2354 3893 2654 3950 vocaret
2690 3895 3047 3952 BONORVM
3097 3897 3384 3954 Posses-

506 4001 511 4004 ·
585 4038 595 4048 ,
651 3991 774 4048 Βιο
787 4021 811 4062 ,
856 3965 952 4043 de
980 3989 1125 4068 qua
1151 3993 1287 4046 nos
1318 3993 1360 4046 e
1430 3969 1601 4071 'egia
1628 3965 1992 4070 quaedam
2019 3969 2244 4049 docet
2271 3971 2570 4052 vindex.
2667 3975 2911 4054 Primo
2919 3974 3198 4080 falsum
3227 3975 3380 4081 ff'ae

648 4068 791 4164 ait,
840 4069 1035 4173 quod
1037 4089 1176 4172 pro
1207 3993 1499 4171 6092]Ξέἷο
1534 4067 1842 4152 habeant
1868 4073 2304 4175 aduersarii,
2357 4101 2712 4158 BONORVM
2761 4100 3276 4168 POSSESSIONEM
3303 4099 3384 4159 et.

642 4192 1180 4290 marmur-tm
1206 4195 1339 4252 non
1368 4168 1508 4272 nili
1522 4177 1861 4264 vocabulo
1890 4175 2218 4284 tltfferre,
2267 4203 2492 4286 quum
2521 4180 2790 4276 eadem,
2809 4206 3026 4288 -quae
3046 4182 3244 4274 inter
3257 4206 3408 4294 res-

812 4335 817 4342 .
1284 4319 1289 4324 -
2463 4361 2472 4372 ,
3179 4309 3386 4366 man·
