<?xml version="1.0" encoding="UTF-8"?>
<!DOCTYPE html PUBLIC "-//W3C//DTD XHTML 1.0 Transitional//EN"
    "http://www.w3.org/TR/xhtml1/DTD/xhtml1-transitional.dtd">
<html xmlns="http://www.w3.org/1999/xhtml" xml:lang="en" lang="en">
 <head>
  <title>
</title>
<meta http-equiv="Content-Type" content="text/html;charset=utf-8" />
  <meta name='ocr-system' content='tesseract 3.04.00' />
  <meta name='ocr-capabilities' content='ocr_page ocr_carea ocr_par ocr_line ocrx_word'/>
</head>
<body>
  <div class='ocr_page' id='page_1' title='image "./iogottlheinecci00heingoog_1076.png"; bbox 0 0 3825 4800; ppageno 0'>
   <div class='ocr_carea' id='block_1_1' title="bbox 825 399 3025 516">
    <p class='ocr_par' dir='ltr' id='par_1_1' title="bbox 825 399 3025 516">
     <span class='ocr_line' id='line_1_1' title="bbox 825 399 3025 516; baseline -0.006 -26"><span class='ocrx_word' id='word_1_1' title='bbox 825 484 831 490; x_wconf 83' lang='lat'><strong>.</strong></span> <span class='ocrx_word' id='word_1_2' title='bbox 891 456 926 500; x_wconf 84' lang='grc'><strong>-,</strong></span> <span class='ocrx_word' id='word_1_3' title='bbox 969 399 1660 489; x_wconf 67' lang='grc' dir='ltr'><strong>ἐτ-,ενιινωνε</strong></span> <span class='ocrx_word' id='word_1_4' title='bbox 1723 405 1832 484; x_wconf 76' lang='lat' dir='ltr'><strong>m</strong></span> <span class='ocrx_word' id='word_1_5' title='bbox 1881 411 2213 490; x_wconf 61' lang='lat' dir='ltr'><strong>senem.</strong></span> <span class='ocrx_word' id='word_1_6' title='bbox 2270 457 2281 464; x_wconf 71' lang='lat'><em>-</em></span> <span class='ocrx_word' id='word_1_7' title='bbox 2703 441 2797 511; x_wconf 76' lang='lat'><strong>29</strong></span> <span class='ocrx_word' id='word_1_8' title='bbox 2910 511 2916 516; x_wconf 18' lang='grc' dir='ltr'>Ι</span> <span class='ocrx_word' id='word_1_9' title='bbox 3016 443 3025 464; x_wconf 58' lang='lat'>2</span> 
     </span>
    </p>
   </div>
   <div class='ocr_carea' id='block_1_2' title="bbox 325 589 2869 2875">
    <p class='ocr_par' dir='ltr' id='par_1_2' title="bbox 325 589 2847 824">
     <span class='ocr_line' id='line_1_2' title="bbox 325 589 2847 709; baseline -0.001 -25"><span class='ocrx_word' id='word_1_10' title='bbox 325 599 344 606; x_wconf 81' lang='grc'><strong>“</strong></span> <span class='ocrx_word' id='word_1_11' title='bbox 439 589 998 695; x_wconf 81' lang='lat' dir='ltr'><strong>accenderent,</strong></span> <span class='ocrx_word' id='word_1_12' title='bbox 1029 589 1544 709; x_wconf 66' lang='lat' dir='ltr'><strong>quemritmn</strong></span> <span class='ocrx_word' id='word_1_13' title='bbox 1567 611 1670 682; x_wconf 81' lang='lat' dir='ltr'><strong>ex</strong></span> <span class='ocrx_word' id='word_1_14' title='bbox 1695 623 2169 686; x_wconf 78' lang='lat' dir='ltr'>PLVTARCHO</span> <span class='ocrx_word' id='word_1_15' title='bbox 2201 596 2295 708; x_wconf 86' lang='lat' dir='ltr'><strong>c)</strong></span> <span class='ocrx_word' id='word_1_16' title='bbox 2314 615 2399 682; x_wconf 85' lang='lat' dir='ltr'><strong>et</strong></span> <span class='ocrx_word' id='word_1_17' title='bbox 2414 615 2684 682; x_wconf 74' lang='lat' dir='ltr'><strong>Nomo</strong></span> <span class='ocrx_word' id='word_1_18' title='bbox 2697 593 2847 708; x_wconf 81' lang='lat' dir='ltr'><strong>d)··</strong></span> 
     </span>
     <span class='ocr_line' id='line_1_3' title="bbox 439 707 2792 824; baseline -0.001 -27"><span class='ocrx_word' id='word_1_19' title='bbox 439 711 673 810; x_wconf 87' lang='lat' dir='ltr'><strong>eruit,</strong></span> <span class='ocrx_word' id='word_1_20' title='bbox 704 707 1256 824; x_wconf 80' lang='lat' dir='ltr'><strong>eleganterque</strong></span> <span class='ocrx_word' id='word_1_21' title='bbox 1271 709 1616 824; x_wconf 78' lang='lat' dir='ltr'><strong>explicat</strong></span> <span class='ocrx_word' id='word_1_22' title='bbox 1641 739 1876 798; x_wconf 73' lang='lat' dir='ltr'><strong>BARN.</strong></span> <span class='ocrx_word' id='word_1_23' title='bbox 1901 737 2365 800; x_wconf 68' lang='lat' dir='ltr'><strong>naissomvs.</strong></span> <span class='ocrx_word' id='word_1_24' title='bbox 2406 711 2497 821; x_wconf 77' lang='lat' dir='ltr'><strong>e)</strong></span> <span class='ocrx_word' id='word_1_25' title='bbox 2559 708 2792 795; x_wconf 89' lang='lat' dir='ltr'><strong>Hinc</strong></span> 
     </span>
    </p>

    <p class='ocr_par' dir='ltr' id='par_1_3' title="bbox 330 821 2869 2875">
     <span class='ocr_line' id='line_1_4' title="bbox 515 821 2837 940; baseline 0 -30"><span class='ocrx_word' id='word_1_26' title='bbox 515 887 517 892; x_wconf 85' lang='lat'><em>-</em></span> <span class='ocrx_word' id='word_1_27' title='bbox 551 821 1128 938; x_wconf 80' lang='lat' dir='ltr'><strong>emadmodurn</strong></span> <span class='ocrx_word' id='word_1_28' title='bbox 1159 823 1668 912; x_wconf 86' lang='lat' dir='ltr'><strong>mulierculae</strong></span> <span class='ocrx_word' id='word_1_29' title='bbox 1681 823 2210 940; x_wconf 88' lang='lat' dir='ltr'><strong>quaestuariae</strong></span> <span class='ocrx_word' id='word_1_30' title='bbox 2226 823 2443 940; x_wconf 89' lang='lat' dir='ltr'><strong>apud</strong></span> <span class='ocrx_word' id='word_1_31' title='bbox 2457 823 2787 910; x_wconf 87' lang='lat' dir='ltr'><strong>Aediles</strong></span> <span class='ocrx_word' id='word_1_32' title='bbox 2830 913 2837 920; x_wconf 64' lang='grc'>,</span> 
     </span>
     <span class='ocr_line' id='line_1_5' title="bbox 417 852 2788 1053; baseline 0.002 -27"><span class='ocrx_word' id='word_1_33' title='bbox 417 852 676 1053; x_wconf 59' lang='lat' dir='ltr'><strong>ffilpri</strong></span> <span class='ocrx_word' id='word_1_34' title='bbox 707 937 1113 1024; x_wconf 79' lang='lat' dir='ltr'><strong>licentiam</strong></span> <span class='ocrx_word' id='word_1_35' title='bbox 1137 935 1606 1050; x_wconf 84' lang='lat' dir='ltr'><strong>vulgabant,</strong></span> <span class='ocrx_word' id='word_1_36' title='bbox 1661 963 1745 1027; x_wconf 88' lang='lat' dir='ltr'><strong>et</strong></span> <span class='ocrx_word' id='word_1_37' title='bbox 1785 938 2187 1052; x_wconf 80' lang='lat' dir='ltr'><strong>dignitate,</strong></span> <span class='ocrx_word' id='word_1_38' title='bbox 2198 940 2579 1052; x_wconf 88' lang='lat' dir='ltr'><strong>cultuque</strong></span> <span class='ocrx_word' id='word_1_39' title='bbox 2616 965 2788 1030; x_wconf 80' lang='lat' dir='ltr'><strong>ma:-</strong></span> 
     </span>
     <span class='ocr_line' id='line_1_6' title="bbox 367 1048 2788 1164; baseline -0.002 -22"><span class='ocrx_word' id='word_1_40' title='bbox 367 1064 386 1074; x_wconf 81' lang='grc'><strong><em>’</em></strong></span> <span class='ocrx_word' id='word_1_41' title='bbox 431 1050 725 1142; x_wconf 85' lang='lat' dir='ltr'><strong>tronali</strong></span> <span class='ocrx_word' id='word_1_42' title='bbox 747 1048 850 1136; x_wconf 80' lang='lat' dir='ltr'><strong>ab</strong></span> <span class='ocrx_word' id='word_1_43' title='bbox 877 1051 974 1137; x_wconf 82' lang='lat' dir='ltr'><strong>iis</strong></span> <span class='ocrx_word' id='word_1_44' title='bbox 1005 1049 1561 1164; x_wconf 86' lang='lat' dir='ltr'><strong>spoliabantur,</strong></span> <span class='ocrx_word' id='word_1_45' title='bbox 1579 1051 1738 1138; x_wconf 71' lang='lat' dir='ltr'><strong>svti</strong></span> <span class='ocrx_word' id='word_1_46' title='bbox 1765 1080 1864 1138; x_wconf 88' lang='lat' dir='ltr'><strong>ex</strong></span> <span class='ocrx_word' id='word_1_47' title='bbox 1891 1079 2105 1138; x_wconf 69' lang='lat' dir='ltr'><strong>uvae</strong></span> <span class='ocrx_word' id='word_1_48' title='bbox 2136 1051 2229 1164; x_wconf 85' lang='lat' dir='ltr'><strong>f)</strong></span> <span class='ocrx_word' id='word_1_49' title='bbox 2252 1074 2682 1152; x_wconf 73' lang='lat' dir='ltr'><strong>et‘rACrTO,</strong></span> <span class='ocrx_word' id='word_1_50' title='bbox 2694 1051 2788 1164; x_wconf 86' lang='lat' dir='ltr'><strong>g)</strong></span> 
     </span>
     <span class='ocr_line' id='line_1_7' title="bbox 435 1162 2786 1280; baseline -0.001 -28"><span class='ocrx_word' id='word_1_51' title='bbox 435 1165 744 1253; x_wconf 82' lang='lat' dir='ltr'><strong>erudite</strong></span> <span class='ocrx_word' id='word_1_52' title='bbox 775 1162 1118 1250; x_wconf 84' lang='lat' dir='ltr'><strong>ostendit</strong></span> <span class='ocrx_word' id='word_1_53' title='bbox 1149 1193 1456 1252; x_wconf 75' lang='lat' dir='ltr'><strong>upsws:</strong></span> <span class='ocrx_word' id='word_1_54' title='bbox 1513 1163 1635 1277; x_wconf 78' lang='lat' dir='ltr'><strong>h)</strong></span> <span class='ocrx_word' id='word_1_55' title='bbox 1689 1165 1801 1252; x_wconf 91' lang='lat' dir='ltr'><strong>ita</strong></span> <span class='ocrx_word' id='word_1_56' title='bbox 1841 1163 2043 1280; x_wconf 86' lang='lat' dir='ltr'><strong>ipsas</strong></span> <span class='ocrx_word' id='word_1_57' title='bbox 2088 1189 2492 1251; x_wconf 86' lang='lat' dir='ltr'><strong>matronas</strong></span> <span class='ocrx_word' id='word_1_58' title='bbox 2520 1164 2786 1278; x_wconf 85' lang='lat' dir='ltr'><strong>impu-</strong></span> 
     </span>
     <span class='ocr_line' id='line_1_8' title="bbox 433 1275 2789 1477; baseline 0 -111"><span class='ocrx_word' id='word_1_59' title='bbox 433 1279 648 1366; x_wconf 86' lang='lat' dir='ltr'><strong>dicas</strong></span> <span class='ocrx_word' id='word_1_60' title='bbox 665 1275 1154 1378; x_wconf 81' lang='lat' dir='ltr'><strong>accusabant,</strong></span> <span class='ocrx_word' id='word_1_61' title='bbox 1167 1277 1412 1394; x_wconf 89' lang='lat' dir='ltr'><strong>idque</strong></span> <span class='ocrx_word' id='word_1_62' title='bbox 1439 1278 1808 1393; x_wconf 84' lang='lat' dir='ltr'><strong>agebant,</strong></span> <span class='ocrx_word' id='word_1_63' title='bbox 1831 1281 2484 1392; x_wconf 86' lang='lat' dir='ltr'><strong>vtrelegarentur.</strong></span> <span class='ocrx_word' id='word_1_64' title='bbox 2552 1277 2789 1477; x_wconf 45' lang='grc' dir='ltr'><strong>Ἐπί</strong></span> 
     </span>
     <span class='ocr_line' id='line_1_9' title="bbox 431 1391 2783 1507; baseline -0.002 -25"><span class='ocrx_word' id='word_1_65' title='bbox 431 1417 598 1482; x_wconf 87' lang='lat' dir='ltr'><strong>tam</strong></span> <span class='ocrx_word' id='word_1_66' title='bbox 629 1392 952 1480; x_wconf 87' lang='lat' dir='ltr'><strong>inimica</strong></span> <span class='ocrx_word' id='word_1_67' title='bbox 992 1391 1546 1507; x_wconf 85' lang='lat' dir='ltr'><strong>impudicitiae</strong></span> <span class='ocrx_word' id='word_1_68' title='bbox 1583 1418 1752 1480; x_wconf 87' lang='lat' dir='ltr'><strong>etat</strong></span> <span class='ocrx_word' id='word_1_69' title='bbox 1787 1393 2187 1480; x_wconf 73' lang='lat' dir='ltr'><strong>Aedilim&#39;s</strong></span> <span class='ocrx_word' id='word_1_70' title='bbox 2202 1452 2230 1486; x_wconf 88' lang='lat'><em>,</em></span> <span class='ocrx_word' id='word_1_71' title='bbox 2300 1413 2392 1477; x_wconf 86' lang='lat' dir='ltr'><strong>vt</strong></span> <span class='ocrx_word' id='word_1_72' title='bbox 2420 1419 2565 1476; x_wconf 89' lang='lat' dir='ltr'><strong>mo</strong></span> <span class='ocrx_word' id='word_1_73' title='bbox 2725 1418 2783 1478; x_wconf 93' lang='lat' dir='ltr'><strong>o</strong></span> 
     </span>
     <span class='ocr_line' id='line_1_10' title="bbox 427 1504 2785 1622; baseline -0.003 -26"><span class='ocrx_word' id='word_1_74' title='bbox 427 1504 677 1596; x_wconf 85' lang='lat' dir='ltr'><strong>fimile</strong></span> <span class='ocrx_word' id='word_1_75' title='bbox 704 1504 1164 1608; x_wconf 89' lang='lat' dir='ltr'><strong>haberetur,</strong></span> <span class='ocrx_word' id='word_1_76' title='bbox 1225 1505 1605 1594; x_wconf 84' lang='lat' dir='ltr'><strong>Aedilem</strong></span> <span class='ocrx_word' id='word_1_77' title='bbox 1643 1507 2005 1594; x_wconf 82' lang='lat' dir='ltr'><strong>curulem&#39;</strong></span> <span class='ocrx_word' id='word_1_78' title='bbox 2042 1506 2129 1592; x_wconf 89' lang='lat' dir='ltr'><strong>in</strong></span> <span class='ocrx_word' id='word_1_79' title='bbox 2160 1506 2420 1622; x_wconf 89' lang='lat' dir='ltr'><strong>aliqua</strong></span> <span class='ocrx_word' id='word_1_80' title='bbox 2441 1504 2785 1592; x_wconf 90' lang='lat' dir='ltr'><strong>Veneris</strong></span> 
     </span>
     <span class='ocr_line' id='line_1_11' title="bbox 330 1614 2779 1754; baseline -0.001 -48"><span class='ocrx_word' id='word_1_81' title='bbox 330 1715 342 1728; x_wconf 50' lang='grc'><strong><em>,</em></strong></span> <span class='ocrx_word' id='word_1_82' title='bbox 426 1616 800 1738; x_wconf 78' lang='lat' dir='ltr'><strong>palaestra</strong></span> <span class='ocrx_word' id='word_1_83' title='bbox 813 1679 836 1720; x_wconf 91' lang='lat'><strong>,</strong></span> <span class='ocrx_word' id='word_1_84' title='bbox 861 1620 988 1706; x_wconf 87' lang='lat' dir='ltr'><strong>vel</strong></span> <span class='ocrx_word' id='word_1_85' title='bbox 1003 1645 1276 1732; x_wconf 83' lang='lat' dir='ltr'><strong>prope</strong></span> <span class='ocrx_word' id='word_1_86' title='bbox 1310 1619 1556 1722; x_wconf 87' lang='lat' dir='ltr'><strong>illam,</strong></span> <span class='ocrx_word' id='word_1_87' title='bbox 1580 1620 1790 1708; x_wconf 84' lang='lat' dir='ltr'><strong>clam</strong></span> <span class='ocrx_word' id='word_1_88' title='bbox 1817 1617 2198 1754; x_wconf 79' lang='lat' dir='ltr'><strong>conspici.</strong></span> <span class='ocrx_word' id='word_1_89' title='bbox 2275 1621 2550 1730; x_wconf 82' lang='lat' dir='ltr'><strong>Quare</strong></span> <span class='ocrx_word' id='word_1_90' title='bbox 2564 1614 2779 1734; x_wconf 90' lang='lat' dir='ltr'><strong>apud</strong></span> 
     </span>
     <span class='ocr_line' id='line_1_12' title="bbox 343 1730 2777 1848; baseline -0.001 -28"><span class='ocrx_word' id='word_1_91' title='bbox 343 1815 348 1820; x_wconf 84' lang='lat'><strong>.</strong></span> <span class='ocrx_word' id='word_1_92' title='bbox 429 1759 764 1820; x_wconf 71' lang='lat' dir='ltr'><strong>emim</strong></span> <span class='ocrx_word' id='word_1_93' title='bbox 791 1732 869 1842; x_wconf 84' lang='lat' dir='ltr'><strong>i)</strong></span> <span class='ocrx_word' id='word_1_94' title='bbox 893 1730 1230 1842; x_wconf 87' lang='lat' dir='ltr'><strong>legimus</strong></span> <span class='ocrx_word' id='word_1_95' title='bbox 1243 1795 1274 1831; x_wconf 93' lang='lat'><strong>,</strong></span> <span class='ocrx_word' id='word_1_96' title='bbox 1323 1746 1590 1848; x_wconf 82' lang='lat' dir='ltr'><strong>‘quum</strong></span> <span class='ocrx_word' id='word_1_97' title='bbox 1609 1733 1716 1820; x_wconf 88' lang='lat' dir='ltr'><strong>A.</strong></span> <span class='ocrx_word' id='word_1_98' title='bbox 1739 1731 2137 1823; x_wconf 78' lang='lat' dir='ltr'><strong>Hostilius</strong></span> <span class='ocrx_word' id='word_1_99' title='bbox 2148 1731 2599 1837; x_wconf 76' lang='lat' dir='ltr'><strong>Mancinus,</strong></span> <span class='ocrx_word' id='word_1_100' title='bbox 2614 1735 2777 1820; x_wconf 87' lang='lat' dir='ltr'><strong>Ae·-</strong></span> 
     </span>
     <span class='ocr_line' id='line_1_13' title="bbox 431 1841 2869 1963; baseline 0.002 -30"><span class='ocrx_word' id='word_1_101' title='bbox 431 1845 614 1933; x_wconf 87' lang='lat' dir='ltr'><strong>dilis</strong></span> <span class='ocrx_word' id='word_1_102' title='bbox 671 1843 866 1948; x_wconf 87' lang='lat' dir='ltr'><strong>Cur.</strong></span> <span class='ocrx_word' id='word_1_103' title='bbox 903 1841 1318 1930; x_wconf 83' lang='lat' dir='ltr'><strong>Mamiliae</strong></span> <span class='ocrx_word' id='word_1_104' title='bbox 1371 1846 1770 1934; x_wconf 87' lang='lat' dir='ltr'><strong>meretrici</strong></span> <span class='ocrx_word' id='word_1_105' title='bbox 1831 1846 2051 1934; x_wconf 85' lang='lat' dir='ltr'><strong>diem</strong></span> <span class='ocrx_word' id='word_1_106' title='bbox 2106 1849 2320 1963; x_wconf 80' lang='lat' dir='ltr'><strong>&#39;apud</strong></span> <span class='ocrx_word' id='word_1_107' title='bbox 2440 1847 2781 1962; x_wconf 86' lang='lat' dir='ltr'><strong>opulum</strong></span> <span class='ocrx_word' id='word_1_108' title='bbox 2854 1891 2869 1898; x_wconf 93' lang='lat'><strong>·</strong></span> 
     </span>
     <span class='ocr_line' id='line_1_14' title="bbox 429 1953 2781 2076; baseline 0.001 -30"><span class='ocrx_word' id='word_1_109' title='bbox 429 1953 772 2058; x_wconf 71' lang='lat' dir='ltr'><strong>dixisset,</strong></span> <span class='ocrx_word' id='word_1_110' title='bbox 813 1957 1038 2072; x_wconf 92' lang='lat' dir='ltr'><strong>quod</strong></span> <span class='ocrx_word' id='word_1_111' title='bbox 1069 1957 1174 2052; x_wconf 83' lang='lat' dir='ltr'><strong>de</strong></span> <span class='ocrx_word' id='word_1_112' title='bbox 1199 1957 1564 2052; x_wconf 84' lang='lat' dir='ltr'><strong>tabulato</strong></span> <span class='ocrx_word' id='word_1_113' title='bbox 1591 1961 1758 2048; x_wconf 90' lang='lat' dir='ltr'><strong>eius</strong></span> <span class='ocrx_word' id='word_1_114' title='bbox 1789 1962 2038 2048; x_wconf 62' lang='lat' dir='ltr'><strong>noelu</strong></span> <span class='ocrx_word' id='word_1_115' title='bbox 2062 1962 2265 2049; x_wconf 71' lang='lat' dir='ltr'><strong>ic&#39;tus</strong></span> <span class='ocrx_word' id='word_1_116' title='bbox 2292 1991 2337 2048; x_wconf 90' lang='lat' dir='ltr'><strong>e</strong></span> <span class='ocrx_word' id='word_1_117' title='bbox 2397 1962 2781 2076; x_wconf 88' lang='lat' dir='ltr'><strong>etlapide,</strong></span> 
     </span>
     <span class='ocr_line' id='line_1_15' title="bbox 426 2071 2781 2190; baseline 0.001 -29"><span class='ocrx_word' id='word_1_118' title='bbox 426 2071 974 2186; x_wconf 85' lang='lat' dir='ltr'><strong>Mamiliaque,</strong></span> <span class='ocrx_word' id='word_1_119' title='bbox 987 2071 1400 2159; x_wconf 76' lang='lat' dir='ltr'><strong>Tribunos</strong></span> <span class='ocrx_word' id='word_1_120' title='bbox 1415 2073 1672 2186; x_wconf 87' lang='lat' dir='ltr'><strong>plebis</strong></span> <span class='ocrx_word' id='word_1_121' title='bbox 1687 2075 2113 2190; x_wconf 86' lang='lat' dir='ltr'><strong>adpellans,</strong></span> <span class='ocrx_word' id='word_1_122' title='bbox 2128 2074 2455 2177; x_wconf 75' lang='lat' dir='ltr'><strong>dixisset,</strong></span> <span class='ocrx_word' id='word_1_123' title='bbox 2485 2077 2781 2167; x_wconf 87' lang='lat' dir='ltr'><strong>comis-</strong></span> 
     </span>
     <span class='ocr_line' id='line_1_16' title="bbox 423 2181 2782 2291; baseline -0.001 -15"><span class='ocrx_word' id='word_1_124' title='bbox 423 2181 1272 2276; x_wconf 70' lang='lat' dir='ltr'><strong>satem-Mancinum</strong></span> <span class='ocrx_word' id='word_1_125' title='bbox 1303 2185 1410 2272; x_wconf 86' lang='lat' dir='ltr'><strong>ad</strong></span> <span class='ocrx_word' id='word_1_126' title='bbox 1437 2187 1670 2274; x_wconf 86' lang='lat' dir='ltr'><strong>aedes</strong></span> <span class='ocrx_word' id='word_1_127' title='bbox 1695 2185 1866 2275; x_wconf 86' lang='lat' dir='ltr'><strong>suas</strong></span> <span class='ocrx_word' id='word_1_128' title='bbox 1893 2186 2220 2291; x_wconf 81' lang='lat' dir='ltr'><strong>veniffe,</strong></span> <span class='ocrx_word' id='word_1_129' title='bbox 2276 2215 2461 2275; x_wconf 81' lang='lat' dir='ltr'><strong>non</strong></span> <span class='ocrx_word' id='word_1_130' title='bbox 2488 2189 2782 2276; x_wconf 86' lang='lat' dir='ltr'><strong>admis-</strong></span> 
     </span>
     <span class='ocr_line' id='line_1_17' title="bbox 423 2295 2783 2417; baseline 0 -29"><span class='ocrx_word' id='word_1_131' title='bbox 423 2295 598 2388; x_wconf 80' lang='lat' dir='ltr'><strong>sum</strong></span> <span class='ocrx_word' id='word_1_132' title='bbox 612 2364 639 2402; x_wconf 93' lang='lat'><strong>,</strong></span> <span class='ocrx_word' id='word_1_133' title='bbox 691 2327 946 2415; x_wconf 83' lang='lat' dir='ltr'><strong>quum</strong></span> <span class='ocrx_word' id='word_1_134' title='bbox 971 2298 1054 2384; x_wconf 85' lang='lat' dir='ltr'><strong>vi</strong></span> <span class='ocrx_word' id='word_1_135' title='bbox 1081 2297 1557 2415; x_wconf 82' lang='lat' dir='ltr'><strong>irrumperet</strong></span> <span class='ocrx_word' id='word_1_136' title='bbox 1572 2365 1598 2403; x_wconf 87' lang='lat'><strong>,</strong></span> <span class='ocrx_word' id='word_1_137' title='bbox 1651 2299 2051 2416; x_wconf 82' lang='lat' dir='ltr'><strong>lapidibus</strong></span> <span class='ocrx_word' id='word_1_138' title='bbox 2078 2300 2492 2417; x_wconf 87' lang='lat' dir='ltr'><strong>depulsum</strong></span> <span class='ocrx_word' id='word_1_139' title='bbox 2506 2361 2535 2393; x_wconf 88' lang='lat'><em>,</em></span> <span class='ocrx_word' id='word_1_140' title='bbox 2592 2301 2783 2388; x_wconf 85' lang='lat' dir='ltr'><strong>Tri·</strong></span> 
     </span>
     <span class='ocr_line' id='line_1_18' title="bbox 423 2409 2822 2526; baseline -0.001 -23"><span class='ocrx_word' id='word_1_141' title='bbox 423 2414 691 2503; x_wconf 86' lang='lat' dir='ltr'><strong>bunos</strong></span> <span class='ocrx_word' id='word_1_142' title='bbox 719 2409 1140 2501; x_wconf 78' lang='lat' dir='ltr'><strong>decreuiss’e</strong></span> <span class='ocrx_word' id='word_1_143' title='bbox 1158 2478 1181 2515; x_wconf 83' lang='lat'><strong>,</strong></span> <span class='ocrx_word' id='word_1_144' title='bbox 1245 2419 1564 2513; x_wconf 72' lang='lat' dir='ltr'><strong>Aedilem</strong></span> <span class='ocrx_word' id='word_1_145' title='bbox 1597 2447 1688 2499; x_wconf 82' lang='lat' dir='ltr'><strong>ex</strong></span> <span class='ocrx_word' id='word_1_146' title='bbox 1725 2448 1800 2499; x_wconf 83' lang='lat' dir='ltr'><strong>eo</strong></span> <span class='ocrx_word' id='word_1_147' title='bbox 1839 2421 1979 2500; x_wconf 87' lang='lat' dir='ltr'><strong>loco</strong></span> <span class='ocrx_word' id='word_1_148' title='bbox 2015 2422 2176 2501; x_wconf 82' lang='lat' dir='ltr'><strong>iure</strong></span> <span class='ocrx_word' id='word_1_149' title='bbox 2206 2422 2573 2509; x_wconf 74' lang='lat' dir='ltr'><strong>deieHum,</strong></span> <span class='ocrx_word' id='word_1_150' title='bbox 2641 2446 2781 2526; x_wconf 86' lang='lat' dir='ltr'><strong>quo</strong></span> <span class='ocrx_word' id='word_1_151' title='bbox 2817 2506 2822 2509; x_wconf 70' lang='grc'><strong>,</strong></span> 
     </span>
     <span class='ocr_line' id='line_1_19' title="bbox 422 2528 2779 2640; baseline 0.002 -27"><span class='ocrx_word' id='word_1_152' title='bbox 422 2560 581 2622; x_wconf 79' lang='lat' dir='ltr'><strong>eum</strong></span> <span class='ocrx_word' id='word_1_153' title='bbox 609 2560 659 2611; x_wconf 83' lang='lat' dir='ltr'><em>v</em></span> <span class='ocrx_word' id='word_1_154' title='bbox 755 2532 772 2547; x_wconf 85' lang='lat'>&#39;</span> <span class='ocrx_word' id='word_1_155' title='bbox 809 2558 848 2609; x_wconf 87' lang='lat' dir='ltr'><strong>e</strong></span> <span class='ocrx_word' id='word_1_156' title='bbox 875 2558 1032 2611; x_wconf 84' lang='lat' dir='ltr'><strong>cum</strong></span> <span class='ocrx_word' id='word_1_157' title='bbox 1057 2534 1404 2612; x_wconf 83' lang='lat' dir='ltr'><strong>coronario</strong></span> <span class='ocrx_word' id='word_1_158' title='bbox 1417 2560 1570 2613; x_wconf 56' lang='lat' dir='ltr'><strong>‘non</strong></span> <span class='ocrx_word' id='word_1_159' title='bbox 1606 2531 1935 2640; x_wconf 77' lang='lat' dir='ltr'><strong>decurffet.</strong></span> <span class='ocrx_word' id='word_1_160' title='bbox 2050 2528 2181 2617; x_wconf 82' lang='lat' dir='ltr'><strong>EX</strong></span> <span class='ocrx_word' id='word_1_161' title='bbox 2224 2530 2504 2617; x_wconf 82' lang='lat' dir='ltr'><strong>eadem</strong></span> <span class='ocrx_word' id='word_1_162' title='bbox 2555 2558 2779 2617; x_wconf 82' lang='lat' dir='ltr'><strong>cura-</strong></span> 
     </span>
     <span class='ocr_line' id='line_1_20' title="bbox 419 2638 2779 2755; baseline 0.001 -25"><span class='ocrx_word' id='word_1_163' title='bbox 419 2644 650 2730; x_wconf 89' lang='lat' dir='ltr'><strong>tione</strong></span> <span class='ocrx_word' id='word_1_164' title='bbox 714 2641 716 2643; x_wconf 71' lang='grc'>’</span> <span class='ocrx_word' id='word_1_165' title='bbox 793 2642 1160 2755; x_wconf 79' lang='lat' dir='ltr'><strong>Pinarum</strong></span> <span class='ocrx_word' id='word_1_166' title='bbox 1187 2638 1446 2729; x_wconf 87' lang='lat' dir='ltr'><strong>estius</strong></span> <span class='ocrx_word' id='word_1_167' title='bbox 1469 2642 2159 2735; x_wconf 80' lang='lat' dir='ltr'><strong>animaduertendi</strong></span> <span class='ocrx_word' id='word_1_168' title='bbox 2184 2645 2269 2733; x_wconf 88' lang='lat' dir='ltr'><strong>in</strong></span> <span class='ocrx_word' id='word_1_169' title='bbox 2285 2640 2547 2732; x_wconf 85' lang='lat' dir='ltr'><strong>seruos</strong></span> <span class='ocrx_word' id='word_1_170' title='bbox 2576 2644 2779 2733; x_wconf 84' lang='lat' dir='ltr'><strong>alea-</strong></span> 
     </span>
     <span class='ocr_line' id='line_1_21' title="bbox 417 2753 2775 2875; baseline 0 -30"><span class='ocrx_word' id='word_1_171' title='bbox 417 2780 676 2857; x_wconf 77' lang='lat' dir='ltr'><strong>toreS,</strong></span> <span class='ocrx_word' id='word_1_172' title='bbox 739 2753 921 2870; x_wconf 86' lang='lat' dir='ltr'><strong>post</strong></span> <span class='ocrx_word' id='word_1_173' title='bbox 951 2753 1386 2843; x_wconf 88' lang='lat' dir='ltr'><strong>Saturnalia</strong></span> <span class='ocrx_word' id='word_1_174' title='bbox 1415 2754 1506 2875; x_wconf 77' lang='lat' dir='ltr'><strong>in</strong></span> <span class='ocrx_word' id='word_1_175' title='bbox 1531 2758 1860 2873; x_wconf 87' lang='lat' dir='ltr'><strong>popinis</strong></span> <span class='ocrx_word' id='word_1_176' title='bbox 1893 2758 2022 2845; x_wconf 89' lang='lat' dir='ltr'><strong>vel</strong></span> <span class='ocrx_word' id='word_1_177' title='bbox 2054 2753 2305 2845; x_wconf 79' lang='lat' dir='ltr'><strong>lustris&#39;</strong></span> <span class='ocrx_word' id='word_1_178' title='bbox 2334 2758 2775 2874; x_wconf 83' lang='lat' dir='ltr'><strong>deprehen-</strong></span> 
     </span>
    </p>
   </div>
   <div class='ocr_carea' id='block_1_3' title="bbox 166 2867 2774 2986">
    <p class='ocr_par' dir='ltr' id='par_1_4' title="bbox 166 2867 2774 2986">
     <span class='ocr_line' id='line_1_22' title="bbox 166 2867 2774 2986; baseline 0.001 -30"><span class='ocrx_word' id='word_1_179' title='bbox 166 2880 176 2887; x_wconf 85' lang='grc'><em>“</em></span> <span class='ocrx_word' id='word_1_180' title='bbox 290 2962 302 2980; x_wconf 61' lang='grc'><strong><em>,</em></strong></span> <span class='ocrx_word' id='word_1_181' title='bbox 417 2870 582 2969; x_wconf 76' lang='lat' dir='ltr'><strong>s03,</strong></span> <span class='ocrx_word' id='word_1_182' title='bbox 635 2896 934 2978; x_wconf 86' lang='lat' dir='ltr'><strong>eosque</strong></span> <span class='ocrx_word' id='word_1_183' title='bbox 964 2869 1050 2952; x_wconf 82' lang='lat' dir='ltr'><strong>in</strong></span> <span class='ocrx_word' id='word_1_184' title='bbox 1075 2870 1344 2953; x_wconf 87' lang='lat' dir='ltr'><strong>lacum</strong></span> <span class='ocrx_word' id='word_1_185' title='bbox 1371 2867 1504 2953; x_wconf 87' lang='lat' dir='ltr'><strong>seu</strong></span> <span class='ocrx_word' id='word_1_186' title='bbox 1533 2870 2432 2983; x_wconf 81' lang='lat' dir='ltr'><strong>cloacamdetu‘rbandi,</strong></span> <span class='ocrx_word' id='word_1_187' title='bbox 2486 2872 2588 2956; x_wconf 89' lang='lat' dir='ltr'><strong>de</strong></span> <span class='ocrx_word' id='word_1_188' title='bbox 2604 2899 2774 2986; x_wconf 92' lang='lat' dir='ltr'><strong>quo</strong></span> 
     </span>
    </p>
   </div>
   <div class='ocr_carea' id='block_1_4' title="bbox 418 2975 2784 3204">
    <p class='ocr_par' dir='ltr' id='par_1_5' title="bbox 418 2975 2784 3204">
     <span class='ocr_line' id='line_1_23' title="bbox 418 2975 2773 3091; baseline -0 -26"><span class='ocrx_word' id='word_1_189' title='bbox 418 3002 880 3069; x_wconf 56' lang='lat' dir='ltr'><strong>Maximis:</strong></span> <span class='ocrx_word' id='word_1_190' title='bbox 937 2975 1042 3085; x_wconf 88' lang='lat' dir='ltr'><strong>k)</strong></span> <span class='ocrx_word' id='word_1_191' title='bbox 1455 3049 1488 3091; x_wconf 60' lang='lat' dir='ltr'><strong>a</strong></span> <span class='ocrx_word' id='word_1_192' title='bbox 2532 3062 2540 3072; x_wconf 79' lang='grc'><strong>,</strong></span> <span class='ocrx_word' id='word_1_193' title='bbox 2766 3058 2773 3064; x_wconf 90' lang='grc'><em>.</em></span> 
     </span>
     <span class='ocr_line' id='line_1_24' title="bbox 1549 3088 2784 3204; baseline 0.003 -22.539"><span class='ocrx_word' id='word_1_194' title='bbox 1549 3088 1638 3179; x_wconf 93' lang='lat' dir='ltr'>D</span> <span class='ocrx_word' id='word_1_195' title='bbox 1705 3122 1746 3204; x_wconf 86' lang='lat'><em>3</em></span> <span class='ocrx_word' id='word_1_196' title='bbox 1829 3104 1834 3111; x_wconf 82' lang='grc'><strong>’</strong></span> <span class='ocrx_word' id='word_1_197' title='bbox 2631 3101 2784 3185; x_wconf 79' lang='lat' dir='ltr'><strong>Nec</strong></span> 
     </span>
    </p>
   </div>
   <div class='ocr_carea' id='block_1_5' title="bbox 327 3262 2777 4185">
    <p class='ocr_par' dir='ltr' id='par_1_6' title="bbox 286 3262 2777 4185">
     <span class='ocr_line' id='line_1_25' title="bbox 573 3262 1864 3365; baseline -0.002 -20"><span class='ocrx_word' id='word_1_198' title='bbox 573 3274 644 3365; x_wconf 87' lang='lat' dir='ltr'><strong>c)</strong></span> <span class='ocrx_word' id='word_1_199' title='bbox 695 3264 1032 3342; x_wconf 84' lang='lat' dir='ltr'><strong>Plutarch.</strong></span> <span class='ocrx_word' id='word_1_200' title='bbox 1064 3262 1340 3365; x_wconf 67' lang='lat' dir='ltr'><strong>Qaqsl.</strong></span> <span class='ocrx_word' id='word_1_201' title='bbox 1372 3274 1552 3341; x_wconf 85' lang='lat' dir='ltr'><strong>Rom.</strong></span> <span class='ocrx_word' id='word_1_202' title='bbox 1587 3276 1740 3361; x_wconf 85' lang='lat' dir='ltr'><strong>Cap.</strong></span> <span class='ocrx_word' id='word_1_203' title='bbox 1769 3272 1864 3343; x_wconf 89' lang='lat'><strong>11.</strong></span> 
     </span>
     <span class='ocr_line' id='line_1_26' title="bbox 433 3362 2619 3471; baseline 0.003 -24"><span class='ocrx_word' id='word_1_204' title='bbox 433 3362 442 3404; x_wconf 75' lang='lat'>³</span> <span class='ocrx_word' id='word_1_205' title='bbox 574 3376 652 3468; x_wconf 85' lang='lat' dir='ltr'><strong>d)</strong></span> <span class='ocrx_word' id='word_1_206' title='bbox 705 3374 892 3444; x_wconf 88' lang='lat' dir='ltr'><strong>Non.</strong></span> <span class='ocrx_word' id='word_1_207' title='bbox 922 3372 1228 3443; x_wconf 87' lang='lat' dir='ltr'><strong>Marcell.</strong></span> <span class='ocrx_word' id='word_1_208' title='bbox 1261 3376 1343 3445; x_wconf 81' lang='lat' dir='ltr'><strong>de·</strong></span> <span class='ocrx_word' id='word_1_209' title='bbox 1359 3374 1680 3461; x_wconf 70' lang='lat' dir='ltr'><strong>proprior.</strong></span> <span class='ocrx_word' id='word_1_210' title='bbox 1692 3372 1902 3467; x_wconf 77' lang='lat' dir='ltr'><strong>firm.</strong></span> <span class='ocrx_word' id='word_1_211' title='bbox 1930 3376 2082 3445; x_wconf 76' lang='lat' dir='ltr'><strong>Lat.</strong></span> <span class='ocrx_word' id='word_1_212' title='bbox 2099 3374 2241 3447; x_wconf 75' lang='lat' dir='ltr'><strong>Lib.</strong></span> <span class='ocrx_word' id='word_1_213' title='bbox 2260 3376 2351 3449; x_wconf 90' lang='lat'><strong>11.</strong></span> <span class='ocrx_word' id='word_1_214' title='bbox 2387 3400 2449 3449; x_wconf 88' lang='lat' dir='ltr'><strong>n.</strong></span> <span class='ocrx_word' id='word_1_215' title='bbox 2467 3402 2619 3471; x_wconf 77' lang='lat'><strong>340.</strong></span> 
     </span>
     <span class='ocr_line' id='line_1_27' title="bbox 501 3474 2777 3569; baseline -0.001 -20"><span class='ocrx_word' id='word_1_216' title='bbox 501 3514 510 3521; x_wconf 91' lang='lat'><strong>·</strong></span> <span class='ocrx_word' id='word_1_217' title='bbox 565 3482 640 3569; x_wconf 81' lang='lat' dir='ltr'><strong>e)</strong></span> <span class='ocrx_word' id='word_1_218' title='bbox 696 3474 1181 3548; x_wconf 80' lang='lat' dir='ltr'><strong>Barn.Briffon.</strong></span> <span class='ocrx_word' id='word_1_219' title='bbox 1213 3476 1294 3543; x_wconf 81' lang='lat' dir='ltr'><strong>de</strong></span> <span class='ocrx_word' id='word_1_220' title='bbox 1319 3474 1464 3546; x_wconf 81' lang='lat' dir='ltr'><strong>ritu</strong></span> <span class='ocrx_word' id='word_1_221' title='bbox 1489 3494 1672 3564; x_wconf 76' lang='lat' dir='ltr'><strong>nupt.</strong></span> <span class='ocrx_word' id='word_1_222' title='bbox 1691 3492 1760 3563; x_wconf 84' lang='lat' dir='ltr'><strong>p.</strong></span> <span class='ocrx_word' id='word_1_223' title='bbox 1779 3474 2091 3569; x_wconf 75' lang='lat' dir='ltr'><strong>57.fiqu.</strong></span> <span class='ocrx_word' id='word_1_224' title='bbox 2710 3528 2719 3535; x_wconf 90' lang='lat'><em>-</em></span> <span class='ocrx_word' id='word_1_225' title='bbox 2765 3495 2777 3505; x_wconf 80' lang='grc'>’</span> 
     </span>
     <span class='ocr_line' id='line_1_28' title="bbox 523 3572 2751 3673; baseline 0.004 -27.039"><span class='ocrx_word' id='word_1_226' title='bbox 523 3610 528 3618; x_wconf 43' lang='lat'><strong>⁴</strong></span> <span class='ocrx_word' id='word_1_227' title='bbox 563 3578 644 3672; x_wconf 84' lang='lat' dir='ltr'><strong>f)</strong></span> <span class='ocrx_word' id='word_1_228' title='bbox 694 3580 846 3650; x_wconf 78' lang='lat' dir='ltr'><strong>Liu.</strong></span> <span class='ocrx_word' id='word_1_229' title='bbox 890 3578 1037 3649; x_wconf 82' lang='lat' dir='ltr'><strong>Lib.</strong></span> <span class='ocrx_word' id='word_1_230' title='bbox 1084 3579 1278 3648; x_wconf 84' lang='lat' dir='ltr'><strong>vm.</strong></span> <span class='ocrx_word' id='word_1_231' title='bbox 1324 3583 1483 3671; x_wconf 76' lang='lat' dir='ltr'><strong>Cap.</strong></span> <span class='ocrx_word' id='word_1_232' title='bbox 1527 3582 1744 3651; x_wconf 84' lang='lat' dir='ltr'><strong>xxu.</strong></span> <span class='ocrx_word' id='word_1_233' title='bbox 1776 3581 1925 3673; x_wconf 79' lang='lat' dir='ltr'><strong>Lib.</strong></span> <span class='ocrx_word' id='word_1_234' title='bbox 1967 3582 2053 3649; x_wconf 85' lang='lat' dir='ltr'><strong>X.</strong></span> <span class='ocrx_word' id='word_1_235' title='bbox 2086 3586 2241 3669; x_wconf 83' lang='lat' dir='ltr'><strong>cap.</strong></span> <span class='ocrx_word' id='word_1_236' title='bbox 2272 3574 2525 3655; x_wconf 82' lang='lat' dir='ltr'><strong>XXXI.</strong></span> <span class='ocrx_word' id='word_1_237' title='bbox 2568 3572 2751 3659; x_wconf 57' lang='lat' dir='ltr'><strong>ms</strong></span> 
     </span>
     <span class='ocr_line' id='line_1_29' title="bbox 337 3682 2513 3767; baseline 0 -16"><span class='ocrx_word' id='word_1_238' title='bbox 337 3712 346 3721; x_wconf 87' lang='lat'><strong>·</strong></span> <span class='ocrx_word' id='word_1_239' title='bbox 445 3682 456 3696; x_wconf 81' lang='grc'><em>’</em></span> <span class='ocrx_word' id='word_1_240' title='bbox 737 3682 1020 3751; x_wconf 84' lang='lat' dir='ltr'><strong>XXXV.</strong></span> <span class='ocrx_word' id='word_1_241' title='bbox 1053 3686 1206 3767; x_wconf 76' lang='lat' dir='ltr'><strong>cap.</strong></span> <span class='ocrx_word' id='word_1_242' title='bbox 1239 3682 1330 3751; x_wconf 87' lang='lat'><strong>11.</strong></span> <span class='ocrx_word' id='word_1_243' title='bbox 2434 3726 2443 3737; x_wconf 86' lang='lat'><strong>.</strong></span> <span class='ocrx_word' id='word_1_244' title='bbox 2502 3703 2513 3715; x_wconf 95' lang='lat'><em>·</em></span> 
     </span>
     <span class='ocr_line' id='line_1_30' title="bbox 327 3772 2017 3877; baseline 0.002 -25"><span class='ocrx_word' id='word_1_245' title='bbox 327 3772 334 3781; x_wconf 50' lang='lat'><em>⁶</em></span> <span class='ocrx_word' id='word_1_246' title='bbox 485 3790 494 3797; x_wconf 85' lang='lat'>&#39;</span> <span class='ocrx_word' id='word_1_247' title='bbox 567 3784 644 3877; x_wconf 82' lang='lat' dir='ltr'><strong>g)</strong></span> <span class='ocrx_word' id='word_1_248' title='bbox 694 3784 918 3854; x_wconf 87' lang='lat' dir='ltr'><strong>Tacit.</strong></span> <span class='ocrx_word' id='word_1_249' title='bbox 937 3788 1170 3853; x_wconf 84' lang='lat' dir='ltr'><strong>Annal.</strong></span> <span class='ocrx_word' id='word_1_250' title='bbox 1199 3782 1346 3853; x_wconf 86' lang='lat' dir='ltr'><strong>Lib.</strong></span> <span class='ocrx_word' id='word_1_251' title='bbox 1381 3786 1471 3855; x_wconf 93' lang='grc' dir='ltr'><strong>ΙΙ.</strong></span> <span class='ocrx_word' id='word_1_252' title='bbox 1503 3790 1658 3872; x_wconf 86' lang='lat' dir='ltr'><strong>Cap.</strong></span> <span class='ocrx_word' id='word_1_253' title='bbox 1675 3788 1937 3855; x_wconf 81' lang='lat' dir='ltr'><strong>LXXX</strong></span> <span class='ocrx_word' id='word_1_254' title='bbox 1940 3786 2017 3857; x_wconf 84' lang='lat' dir='ltr'><strong>V.</strong></span> 
     </span>
     <span class='ocr_line' id='line_1_31' title="bbox 569 3882 2061 3979; baseline 0.004 -26"><span class='ocrx_word' id='word_1_255' title='bbox 569 3884 648 3974; x_wconf 86' lang='lat' dir='ltr'><strong>h)</strong></span> <span class='ocrx_word' id='word_1_256' title='bbox 699 3884 874 3979; x_wconf 87' lang='lat' dir='ltr'><strong>Lips.</strong></span> <span class='ocrx_word' id='word_1_257' title='bbox 902 3882 1183 3978; x_wconf 72' lang='lat' dir='ltr'><strong>Excmf·</strong></span> <span class='ocrx_word' id='word_1_258' title='bbox 1220 3890 1316 3954; x_wconf 85' lang='lat' dir='ltr'><strong>ad</strong></span> <span class='ocrx_word' id='word_1_259' title='bbox 1349 3888 1556 3956; x_wconf 80' lang='lat' dir='ltr'><strong>Tacit.</strong></span> <span class='ocrx_word' id='word_1_260' title='bbox 1593 3885 1754 3958; x_wconf 77' lang='lat' dir='ltr'><strong>ibid.</strong></span> <span class='ocrx_word' id='word_1_261' title='bbox 1786 3890 1953 3957; x_wconf 78' lang='lat' dir='ltr'><strong>Litt.</strong></span> <span class='ocrx_word' id='word_1_262' title='bbox 1984 3892 2061 3959; x_wconf 89' lang='lat'><strong>0.</strong></span> 
     </span>
     <span class='ocr_line' id='line_1_32' title="bbox 567 3988 2039 4081; baseline 0.005 -27"><span class='ocrx_word' id='word_1_263' title='bbox 567 3988 624 4075; x_wconf 86' lang='lat' dir='ltr'><strong>i)</strong></span> <span class='ocrx_word' id='word_1_264' title='bbox 678 3988 852 4057; x_wconf 86' lang='lat' dir='ltr'><strong>Gell.</strong></span> <span class='ocrx_word' id='word_1_265' title='bbox 885 3988 1073 4056; x_wconf 62' lang='lat' dir='ltr'><strong>Noa.</strong></span> <span class='ocrx_word' id='word_1_266' title='bbox 1103 3988 1309 4056; x_wconf 76' lang='lat' dir='ltr'><strong>Attic.</strong></span> <span class='ocrx_word' id='word_1_267' title='bbox 1341 3991 1492 4059; x_wconf 78' lang='lat' dir='ltr'><strong>Lib.</strong></span> <span class='ocrx_word' id='word_1_268' title='bbox 1523 3988 1680 4059; x_wconf 76' lang='lat'>1111.</span> <span class='ocrx_word' id='word_1_269' title='bbox 1709 3998 1864 4081; x_wconf 83' lang='lat' dir='ltr'><strong>Cap.</strong></span> <span class='ocrx_word' id='word_1_270' title='bbox 1883 3994 2039 4061; x_wconf 81' lang='lat' dir='ltr'><strong>XV.</strong></span> 
     </span>
     <span class='ocr_line' id='line_1_33' title="bbox 566 4084 1975 4185; baseline 0.001 -23"><span class='ocrx_word' id='word_1_271' title='bbox 566 4089 648 4180; x_wconf 82' lang='lat' dir='ltr'><strong>k)</strong></span> <span class='ocrx_word' id='word_1_272' title='bbox 695 4090 988 4161; x_wconf 78' lang='lat' dir='ltr'><strong>Martial-</strong></span> <span class='ocrx_word' id='word_1_273' title='bbox 1013 4089 1162 4163; x_wconf 79' lang='lat' dir='ltr'><strong>Lib.</strong></span> <span class='ocrx_word' id='word_1_274' title='bbox 1196 4092 1428 4167; x_wconf 78' lang='lat' dir='ltr'><strong>xlm.</strong></span> <span class='ocrx_word' id='word_1_275' title='bbox 1453 4084 1684 4185; x_wconf 63' lang='lat' dir='ltr'><strong>Epigr‘.</strong></span> <span class='ocrx_word' id='word_1_276' title='bbox 1705 4096 1772 4171; x_wconf 71' lang='lat'><strong>,1.</strong></span> <span class='ocrx_word' id='word_1_277' title='bbox 1809 4116 1880 4166; x_wconf 80' lang='lat' dir='ltr'><strong>v.</strong></span> <span class='ocrx_word' id='word_1_278' title='bbox 1897 4116 1975 4183; x_wconf 74' lang='lat'><strong>5.</strong></span> 
     </span>
    </p>
   </div>
  </div>
 </body>
</html>
