3825 4800
735 419 923 498 Lm.
972 416 1031 497 1.
1126 364 2956 520 CAP.,V1.DE.ED1cT1s13RAr2-T0Rm
3143 446 3232 501 ιιι

510 602 609 683 ab
634 626 713 677 eo
742 600 1206 702 dffleaermt.
1338 602 1415 681 Si
1441 626 1621 705 ergo
1644 605 2049 698 Praetores,
2101 603 2313 707 quod
2341 603 2619 684 vindici
2641 606 2721 683 in
2753 627 3084 685 mentem
3099 632 3232 685 ve-

512 704 669 797 nit,
722 703 1102 807 repentina
1148 724 1435 782 tantum
1470 704 1701 783 edicta
1742 728 2026 785 mutare
2053 704 2230 785 sunt
2259 704 2482 783 soliti:
2547 706 3008 811 consequens
3055 710 3232 807 erit,

512 828 603 885 vt
630 826 709 881 et
736 804 861 881 lex
887 806 1236 885 Cornelia
1258 828 1549 885 tantum
1592 807 1683 883 ad
1708 808 1891 885 haec
1916 808 2150 887 edicta
2181 808 2654 913 pertinuerit,
2703 808 3232 892 neoeffitatem-

512 932 667 1013 que
694 904 799 984 im
856 903 1133 985 osuerit
1159 909 1615 1013 praetoribus
1631 962 1656 1002 ,
1698 910 1940 1009 statim
1968 908 2098 987 sub
2123 908 2430 1014 auspicia
2458 910 3038 1013 magistrams.sui
3106 926 3234 990 'ro-

510 1034 773 1119 ponen
826 1008 851 1023 ”
876 1010 1124 1087 omnia
1168 1010 1403 1089 edicta
1428 1010 1753 1088 citatoria
1768 1066 1792 1106 ,
1840 1012 2238 1091 monitoria
2252 1066 2276 1107 ‚
2327 1009 2454 1089 obi
2627 1015 2814 1092 toria
2827 1068 2851 1109 ‚
2903 1038 2996 1091 co
3077 1014 3230 1093 ola-

512 1114 704 1193 toria
719 1166 747 1207 ,
796 1111 1063 1213 quibus
1094 1136 1233 1217 per
1259 1118 1512 1189 totum
1536 1136 1812 1191 annum
1838 1112 1979 1192 fint
2009 1112 2225 1193 vsuri.
2349 1114 2480 1293 Q}
2623 1139 2852 1219 quam
2947 1118 2962 1133 ‘
3022 1116 3230 1195 'dum

512 1237 893 1321 quamque
910 1237 1149 1318 paene
1176 1214 1565 1292 ridiculum
1583 1213 1703 1309 fit,
1722 1238 1954 1293 nemo
1979 1240 2136 1293 non
2169 1217 2406 1293 anima
2459 1218 2704 1294 uertit.
2746 1219 2858 1295 Ita
2873 1238 2949 1295 et
3065 1243 3236 1323 con.

514 1316 915 1399 Paedianus
942 1317 1022 1393 in
1046 1340 1324 1419 argum.
1354 1318 1562 1395 Orat.
1566 1338 1707 1435 pro
1736 1320 1810 1395 C.
1828 1319 2146 1396 Cornelio
2157 1338 2236 1419 p.
2253 1312 2394 1410 0³29.
2449 1342 2613 1397 eam
2627 1318 2728 1396 ob
2757 1318 3062 1399 muffam
3129 1320 3230 1398 la-

512 1419 733 1499 cuifl'e
758 1418 827 1494 le
876 1443 999 1496 em
1028 1416 1495 1515 Corneliam,-
1544 1442 1678 1513 ait,
1730 1416 1946 1523 quod
1988 1444 2082 1497 eo
2128 1417 2361 1522 vsque
2388 1418 2492 1499 im
2535 1423 2744 1499 varie
2779 1422 3036 1501 didam
3089 1445 3154 1501 tt
3189 1446 3230 1499 a
3297 1430 3302 1433 ’

508 1520 831 1605 Praetor·
889 1543 977 1596 us
988 1536 1041 1615 ,'
1065 1521 1265 1599 vnde
1314 1539 1613 1599 cautum
1626 1577 1651 1616 ,
1698 1543 1785 1599 vt
1824 1523 2212 1600 Praetores
2248 1548 2343 1597 ex
2366 1523 2650 1599 emens
2659 1520 2818 1641 ‘suis
2851 1548 3232 1605 rmrtrvxs

510 1626 617 1705 ius
647 1624 961 1703 dicerent
974 1623 1017 1701 ἒ
1063 1626 1193 1702 An
1220 1647 1403 1701 vero
1442 1648 1541 1701 ex
1572 1623 1823 1702 edistis
1866 1622 2216 1703 citatoriis
2229 1678 2254 1717 ,
2297 1623 2718 1703 monitoriis
2734 1680 2758 1721 ‚
2810 1624 3236 1731 obiurgato-
3272 1658 3295 1672 ²

511 1728 637 1805 riis
667 1748 743 1803 et
764 1722 1271 1804 consolatoriis
1298 1727 1411 1804 ius
1442 1726 1753 1805 dicitur?
1807 1752 1897 1806 an
1947 1752 2030 1804 ea
2069 1725 2218 1803 dici
2259 1725 2560 1830 poss'unt
2595 1748 2990 1845 perpetua,
3042 1750 3236 1832 quae

510 1827 667 1933 ipse
690 1827 966 1904 vindex
995 1826 1357 1905 subitanea
1390 1852 1646 1923 vocat,
1697 1849 2143 1936 etrepente,
2201 1850 2446 1933 prout,
2455 1854 2570 1907 res
2593 1830 3027 1925 inciderent,
3057 1854 3235 1935 pro-
3299 1910 3302 1913 ,

509 1930 1012 2036 ponebantur.
1080 1932 1263 2007 Sane
1289 1956 1459 2019 nnn„
1474 1930 1851 2035 poffumus
1878 1954 2037 2006 non
2066 1930 2306 2007 mirari
2320 1928 2675 2033 insignem
2701 1930 3012 2012 vindicis
3053 1957 3236 2009 con-

511 2032 897 2113 fidentiam
912 2084 936 2123 ,
986 2054 1135 2130 qua
1171 2036 1341 2125 θὲμα.
1362 2029 1737 2136 παράδοξον
1755 2086 1781 2116 ,
1843 2054 1944 2105 ne
1959 2028 2116 2106 vllo
2141 2030 2452 2129 quidem
2475 2030 2758 2107 idoneo
2797 2058 2838 2107 a
2977 2054 3238 2111 mento

508 2136 891 2214 firmatum
904 2184 929 2223 ,
970 2154 1131 2208 non
1152 2128 1389 2206 modo
1414 2128 1672 2207 lectori
1698 2129 2037 2207 obtrudit
2052 2182 2076 2223 ,
2117 2127 2350 2205 sed-et
2377 2126 2638 2208 misere
2670 2128 2820 2209 falli
2909 2134 3048 2225 ios,
3079 2158 3236 2211 me-

514 2234 705 2313 liora
734 2228 1037 2307 εᾶοᾶὶοε
1051 2286 1075 2325 ,
1121 2228 1317 2334 quafi
1344 2254 1442 2309 ex
1466 2230 1800 2336 tripode,
1849 2229 2312 2336 pronunciat.
2409 2228 2564 2309 Sub
2582 2227 2812 2311 finem
2895 2232 3238 2323 oliticum

513 2335 672 2442 agit
700 2332 976 2413 vindex
993 2386 1019 2428 ,
1073 2354 1153 2411 et
1164 2354 1243 2437 p.
1264 2359 1370 2438 ⁴²9·
1400 2333 1665 2412 vitium
1692 2328 1857 2440 effi,
1886 2332 2135 2428 dicit,
2196 2331 2410 2411 ethelo
2436 2352 2784 2436 perpetuo
2845 2364 2886 2413 e
2925 2332 3235 2436 adstn‘n—

502 2467 725 2544 gere,
773 2437 885 2514 ita
908 2457 995 2514 vt
1016 2440 1214 2514 nulla
1236 2435 1549 2531 ratione,
1597 2441 1794 2516 nulla
1817 2435 2192 2541 aequitate
2217 2435 2382 2512 inde
2407 2435 2854 2518 dimoueark.
2973 2439 3238 2543 Finga-

508 2565 682 2620 mus
711 2539 893 2617 haec
915 2562 1085 2616 vera
1111 2537 1286 2630 effe,
1317 2561 1556 2640 quum
1587 2561 1837 2618 tamen
1860 2539 2002 2618 smt
2025 2531 2419 2616 falfiffimaz·
2455 2562 2550 2616 an
2573 2535 2750 2616 ideo
2775 2541 3234 2646 praetoribus

504 2639 1047 2746 indulgendum
1078 2640 1257 2736 erit,
1318 2661 1407 2717 vt
1442 2637 1669 2718 edicia
1720 2641 1857 2720 suo
1896 2639 2196 2719 arbitrio
2235 2637 2464 2742 figant
2483 2637 2930 2744 refigantu'e?
2981 2666 3238 2724 nonne

506 2743 873 2824 summam
896 2740 969 2819 se
1026 2743 1113 2819 ui.
1152 2761 1459 2846 oportet
1496 2767 1745 2822 rerum
1788 2745 2130 2822 omnium
2167 2738 2678 2818 confusionem
2691 2799 2718 2839 ,
2771 2745 2954 2849 quin
2981 2769 3237 2824 veram
3311 2804 3320 2819 .

498 2845 593 2926 in
618 2845 839 2922 libera
881 2843 1177 2922 ciuitate
1216 2845 1719 2946 tyrannidem,
1796 2845 1850 2924 fi
1877 2847 2084 2950 quis,
2146 2869 2377 2946 quem
2421 2868 2648 2947 penes
2683 2871 2842 2924 non
2886 2847 2995 2925 est
3035 2844 3236 2924 sum-

506 2947 1151 3054 mumimperium,
1166 2947 1607 3051 potestatem
1616 2949 1793 3028 iuris
1809 2944 2300 3026 constituendi
2313 2945 3246 3052 immutandiqueinuadit?
3358 2949 3364 2956 “

874 3147 1019 3230 His
1050 3149 1483 3256 praemiffiS,
1527 3155 1597 3251 §-
1622 3054 1839 3232 X.§ad
1868 3153 1950 3230 id
1973 3149 2048 3229 se
2075 3151 2388 3258 accingit
2416 3148 2735 3250 vindex,
2789 3147 3097 3257 quodca
3151 3173 3240 3236 ut

502 3251 615 3331 rei
646 3251 791 3346 est,
840 3273 993 3330 arte
1086 3279 1181 3331 ue
1208 3254 1398 3349 illas,
1449 3255 1720 3357 quibus
1752 3258 2210 3352 Praetorem,
2275 3253 2702 3333 enei-surum
2739 3255 2975 3376 legeS,
3105 3279 3239 3336 um

493 3352 694 3450 effe,
740 3353 881 3432 viri
907 3354 1011 3431 do
1086 3355 1103 3372 '
1139 3355 1637 3451 obseruarunt,
1687 3379 1944 3462 aperto
1973 3359 2214 3436 Marte
2237 3357 2641 3463 impugnat.
2738 3361 3242 3454 Primum-im-

500 3475 775 3562 petum
800 3452 976 3534 facit
998 3459 1079 3534 in
1110 3460 1503 3561 infirmam,
1553 3461 1725 3538 licet
1746 3463 2264 3563 peruulgatam
2292 3459 2512 3556 hodie,
2565 3462 2963 3566 querelam,
3015 3485 3238 3565 quam

500 3557 595 3636 de
625 3564 819 3635 nouit
844 3561 1247 3655 nominibus,
1294 3587 1345 3637 a
1369 3561 1717 3640 Praetore
1747 3565 1825 3639 in
1836 3562 2188 3666 fraudem
2219 3563 3236 3664 legum·excogitat12r‚iaetent,

505 3660 700 3739 cuius
728 3660 841 3736 rei
872 3659 1173 3762 insigne,
1198 3685 1281 3738 at
1303 3663 1589 3740 ‘unicum
1601 3718 1626 3757 ,
1662 3666 2078 3768 exemplum
2086 3663 2193 3763 fit
2229 3661 2592 3742 notionvm
2637 3687 3021 3758 POSSESSIO,
3049 3660 3248 3769 qu'od

502 3762 929 3860 vocabulum
959 3763 1371 3842 aPraetore
1396 3765 1551 3842 ideo
1576 3769 1936 3869 confidam
1961 3763 2091 3869 effe
2102 3763 2580 3870 perhibeatur
2592 3819 2616 3862 ,
2646 3789 2736 3844 ne
2756 3767 3236 3861 hereditates,
3291 3831 3302 3842 .

502 3889 699 3968 quae
718 3862 1025 3957 nemini,
1076 3864 1216 3964 nisi
1229 3894 1319 3944 ex
1343 3868 1503 3968 lege
1532 3870 2022 3970 competierint
2036 3923 2060 3964 ,
2119 3897 2170 3946 a
2179 3865 2267 3967 fi'
2308 3887 2560 3948 contra
2589 3869 2786 3968 leges
2821 3866 3096 3973 deferri
3105 3863 3240 3972 ffi-

502 3985 815 4046 teretur.
936 3965 1093 4044 Hic
1128 3967 1370 4046 statim
1416 3967 1689 4046 fallitur
1724 3969 2044 4064 vindex,
2094 3969 2280 4048 dum
2312 3967 2618 4048 vnicum
2655 3989 2944 4049 tantum
2987 3995 3243 4048 exem-

502 4063 719 4171 plum
752 4065 1048 4145 callidae
1084 4068 1291 4146 istius
1322 4070 1490 4148 artis
1537 4073 1942 4175 praetoriae
1989 4067 2406 4148 aduerfizriis
2442 4066 2588 4146 suis
2623 4071 2707 4150 in
2748 4095 3054 4176 promtu
3104 4065 3244 4150 effe

496 4166 902 4262 existimat,
954 4168 1299 4275 adeoque
1324 4171 1649 4252 hostium
1678 4173 1996 4250 suorum·
2011 4172 2204 4250 vires
2231 4195 2316 4249 ac
2355 4171 2605 4274 copias
2645 4197 2906 4278 parum
2933 4171 3245 4274 diligen-

498 4287 623 4350 ter
649 4269 1123 4378 explorauit„
1181 4275 1371 4358 Sunt
1398 4275 1555 4356 eius
1588 4277 1700 4384 rei
1732 4275 2070 4382 exempla
2109 4273 2318 4381 plura
2331 4327 2358 4372 ,
2419 4295 2658 4387 eaque
2694 4297 2856 4359 non
2883 4269 3249 4454 miffil-

2240 4420 2244 4426 .
3183 4395 3246 4464 a,
