3825 4800
116 4238 138 4354 l

136 4565 162 4764 l

498 389 703 476 Lm.
748 390 855 474 11.
898 389 1147 476 mr.
1190 387 1323 474 m
1370 389 1511 474 DE
1556 389 1954 480 sALwo
2003 395 2476 486 ΜῙΑΝῸ
2527 403 2822 491 ῑετο.
2931 437 3054 494 201

326 579 667 680 sororem,
696 579 833 664 sed
860 581 959 662 ad
974 600 1747 698 nepotanetneptem
1768 609 1865 663 ex
1876 581 2095 665 fiutre
2111 590 2480 691 pertinere
2517 590 2756 710 poffit.
2805 597 3050 678 Exhis

327 709 481 792 ergo
512 686 907 790 quantiuis
940 707 1171 791 prem
1210 687 1691 802 monimentis
1716 709 1958 806 patet,
1977 691 2310 811 primum
2339 694 2778 774 Rosciorum
2807 699 3058 778 nescio

329 785 3052 1010 imfrffiffiffiabaffi3³12ss¹gffffiuler¹33a3³¹ff÷233

330 1017 567 1076 votum
596 993 919 1076 feoenm
952 991 1119 1068 duo
1148 1011 1659 1096 procuratores
1696 1013 1775 1069 et
1804 992 2086 1091 liberti,
2147 995 2198 1074 li
2225 1023 2344 1076 eas
2383 1001 2774 1080 heredibus
2816 1001 3052 1084 serua-

334 1120 461 1177 ret:
500 1097 769 1176 deinde
784 1151 807 1190 ,
861 1093 1273 1174 Proculum
1302 1091 1515 1170 illum
1552 1093 1845 1172 Proculi
1872 1094 2110 1177 filium
2155 1099 2468 1180 habuifl'e
2511 1101 2838 1182 sororem
2881 1131 3050 1184 ms·-

338 1227 501 1296 sm,
546 1223 734 1304 quae
766 1221 1023 1300 aeque
1052 1219 1139 1272 ac
1166 1193 1319 1300 ipse
1348 1195 1701 1273 Proculus
1716 1251 1741 1288 ‚
1788 1219 1867 1274 et
1894 1197 2108 1276 heres
2135 1200 2596 1300 Rosciorum,
2627 1229 2706 1286 et
2729 1207 2870 1286 iam
2889 1209 3052 1286 eius

346 1305 563 1380 aetatis
590 1301 811 1380 flierit
822 1356 848 1396 ,
898 1321 997 1377 vt
1022 1319 1337 1398 vterque
1364 1293 1559 1374 filios
1590 1295 2004 1404 susceperit.
2099 1303 2310 1382 Haec
2341 1308 2586 1384 omnia
2621 1331 2718 1386 ex
2727 1333 3050 1388 marmo-

350 1405 527 1484 ribus
550 1427 915 1486 marmore
960 1421 1157 1478 cerm
1184 1419 1409 1516 atque
1450 1399 1795 1518 expedita
1838 1399 2044 1494 sunt,
2109 1403 2448 1510 adeoque
2489 1409 2636 1488 iam
2677 1433 2884 1490 certo
2917 1409 3052 1490 sci-

263 1517 271 1524 ’
358 1533 501 1584 mus
516 1561 537 1600 ‚
576 1509 815 1614 primo
850 1527 1179 1582 vxorem
1210 1497 1415 1578 D1dii
1436 1501 1695 1579 Iuliani
1722 1501 1928 1580 fuiffe
1947 1506 2306 1586 Manliam
2337 1513 2744 1590 Scantillam
2757 1537 2790 1589 .·
2835 1513 3048 1590 dein-

362 1609 445 1686 de
470 1635 629 1686 eum
652 1607 873 1686 filiam
898 1603 1220 1682 habuisse
1258 1603 1545 1679 vnicam
1560 1656 1583 1697 ‚
1644 1604 1942 1682 Didiam
1985 1608 2320 1688 Claram:
2381 1613 2607 1689 tertio
2645 1615 2748 1692 illi
2789 1612 3044 1692 fratres

364 1709 547 1788 fuisse
568 1710 899 1789 Nuntium
926 1707 1306 1798 Albinum,
1356 1723 1435 1782 et
1458 1707 1539 1782 L.
1580 1703 1893 1805 Rosiium
1923 1709 2224 1788 Didium
2253 1712 2608 1792 Iulianum
2623 1715 3004 1794 Proculum
3015 1745 3046 1794 .-

370 1810 663 1892 sororem
692 1811 1029 1890 Narniam
1092 1811 1359 1884 Varum
1384 1832 1416 1884 .·
1478 1827 1789 1884 matrem
1814 1807 2144 1912 denique
2183 1813 2456 1892 Vibiam
2483 1819 2564 1894 L.
2603 1817 2682 1896 F.
2722 1819 3046 1900 Saluiam
3131 1873 3137 1880 -

388 1917 653 1992 Varam.
736 1913 1013 1989 Vtrum
1042 1933 1225 1986 vero
1250 1906 1331 1984 hi
1356 1905 1607 1994 fratres
1636 1933 1719 1986 ac
1746 1906 2030 1988 sorores
2065 1937 2324 1992 omnes
2351 1917 2676 2018 germani
2693 1973 2718 2010 ‚
2765 1944 2860 1996 an
2885 1941 3048 1996 vte-

385 2016 513 2092 rini
532 2013 791 2090 fuerint
806 2066 827 2104 ‚
868 2034 1059 2112 noua
1084 2011 1195 2086 est
1220 2011 1587 2114 quaestio,
1636 2035 1861 2112 quam
1890 2012 2278 2116 neglexisse
2303 2017 2534 2094 miror
2557 2017 3048 2098 doaiffimum

386 2113 778 2192 Re‘mefium
792 2167 811 2204 ‚
852 2137 1075 2213 quum
1100 2111 1215 2188 illa
1246 2110 1713 2190 vehnaxime
1758 2111 1851 2188 ad
1879 2137 2038 2190 rem
2081 2113 2317 2193 facere
2355 2115 2711 2195 videatur.
2861 2122 3048 2197 Sane

400 2215 637 2294 fratres
666 2211 761 2288 illi
790 2237 867 2289 ac
900 2210 1157 2289 sorores
1207 2209 1487 2290 diuersa
1532 2213 1831 2290 nomina
1876 2239 2112 2316 aeque
2149 2239 2234 2292 ac
2273 2241 2370 2293 co
2469 2217 2718 2295 omina
2761 2216 3052 2314 ferunt,

406 2314 597 2439 quod
622 2339 763 2394 non
784 2313 1005 2392 solent
1022 2315 1373 2419 germani.
1493 2315 1925 2394 Commune
1952 2340 2230 2394 nomen
2268 2317 2360 2396 ha
2457 2341 2544 2399 nt
2579 2321 2880 2401 Numine
2913 2319 3056 2401 Al-

396 2424 587 2503 lmus
625 2438 703 2495 et
722 2418 971 2498 Nuntia
994 2422 1219 2497 Vara:
1288 2441 1691 2497 commune
1718 2418 1936 2497 etiam
1965 2420 2216 2497 Didius
2245 2422 2636 2515 Prociflus,
2685 2440 2764 2501 et
2791 2423 3050 2503 Didim

384 2526 699 2615 Iulianus,
746 2520 999 2624 quibus
1036 2541 1113 2595 et
1143 2542 1543 2597 commune
1569 2520 1839 2599 Iuliani
1865 2544 2284 2623 cognomen
2313 2522 2442 2603 est.
2561 2522 2772 2603 Idem
2801 2546 3052 2606 tamen

378 2624 621 2709 Didius
638 2618 969 2701 Proculus
1000 2642 1312 2699 vocatur
1334 2618 1634 2724 Roscius,
1696 2646 1734 2697 a
1830 2646 1922 2699 ua
1963 2644 2179 2725 gente
2215 2622 2469 2703 Roscia
2511 2648 2792 2704 nomen
2825 2628 3050 2705 etiam

370 2752 500 2837 pro
524 2750 723 2807 more
747 2724 1073 2802 tulerunt
1112 2724 1203 2823 L,
1232 2720 1537 2801 Roscius
1576 2722 1741 2800 Eub
1820 2748 1905 2799 us
1916 2778 1944 2819 ‚
1993 2726 2380 2819 Numitor,
2441 2749 2520 2805 et
2557 2726 2860 2807 Roscius
2893 2728 3050 2807 Fir-

366 2857 551 2923 ιιιυε,
598 2833 1029 2907 Procurator
1055 2850 1337 2903 eorum.
1482 2822 1741 2927 Itaque
1776 2846 2134 2927 perquam
2159 2825 2564 2905 verosimile
2593 2830 2735 2921 est,
2783 2854 2880 2907 ex
2913 2852 3048 2906 eo-

362 2932 519 3013 dem
546 2954 747 3039 patre
770 2926 975 3005 fuiss'e
1006 2926 1376 3020 Numios‚
1422 2924 1778 3005 Albinum
1807 2946 1883 3001 et
1906 2928 2178 3004 Varam
2197 2980 2220 3019 ,
2271 2952 2366 3005 ex
2393 2928 2538 3007 alio
2551 2929 2844 3024 Didios,
2871 2933 3050 3007 Pro-

360 3035 587 3114 culum
616 3054 695 3111 et
718 3030 1116 3109 Iulianum:
1166 3029 1489 3133 priorem
1518 3048 1767 3105 tamen
1862 3050 1944 3103 er
1967 3026 2446 3131 adoptionem
2491 3031 2610 3108 vel
2639 3028 3051 3134 adrogatio·
3119 3084 3135 3091 -

354 3164 511 3219 nem
538 3132 883 3213 transiisse
914 3132 995 3209 in
1020 3128 1227 3209 aliam
1256 3126 1603 3223 familiam
1620 3182 1645 3223 ,
1692 3150 1769 3205 et
1852 3128 1974 3205 inc
2001 3128 2242 3208 Roscii
2273 3156 2552 3209 nomen
2581 3156 2676 3209 ex
2706 3131 3054 3235 adoptio-

352 3267 439 3319 ne
459 3234 828 3343 accepisse.
924 3230 1432 3337 Qarnobrem
1516 3249 1688 3306 rout
1718 3228 1795 3310 in
1834 3231 2080 3333 priore
2112 3256 2470 3309 marmore
2501 3233 2794 3328 Numii,
2842 3232 3054 3311 Albi-

247 3346 256 3353 ’
348 3367 479 3421 nus
518 3364 595 3419 et
634 3343 837 3419 Vara
855 3390 879 3431 ‚
942 3336 1279 3437 itemque
1324 3256 1531 3411 DiJi'i
1578 3330 1899 3409 Iulianus
1951 3354 2028 3409 et
2071 3330 2426 3423 Proculus
2481 3334 2758 3413 cotuun
2859 3357 3056 3412 ntur.

347 3446 541 3525 Haec
560 3464 749 3545 ergo
773 3438 1025 3524 omnia
1044 3461 1199 3514 non
1224 3432 1427 3511 aliter
1452 3431 1974 3547 conciliaueriS,
1991 3458 2210 3537 quam
2241 3432 2288 3511 fi
2317 3456 2625 3515 matrem
2640 3437 2743 3515 Di
2797 3437 2847 3512 ii
2873 3438 3056 3513 Pro-

344 3546 477 3627 culi
500 3542 701 3625 duos
730 3537 1051 3619 habuiffe
1084 3536 1383 3615 maritos
1416 3558 1688 3641 ponaS,
1734 3559 1970 3617 vnum
1999 3540 2374 3615 Numium
2391 3594 2416 3633 ‚
2463 3566 2560 3617 ex
2641 3562 2746 3615 uo
2771 3535 3053 3616 Numi·

346 3674 425 3727 us
468 3648 837 3737 Albinus,
882 3662 959 3718 et
1000 3640 1289 3720 Numia
1331 3637 1588 3733 Varia,
1637 3636 1947 3716 alterum
1987 3640 2418 3717 Petronium
2471 3642 2570 3719 Di
2629 3642 2782 3717 'um
2821 3638 3050 3717 Seue-

342 3776 537 3843 mm,
626 3773 723 3824 ex
788 3768 949 3847 quo
1028 3742 1299 3821 Didius
1370 3738 1726 3819 Proculus
1811 3738 2132 3817 Iulianus
2189 3742 2550 3845 prodierit
2579 3796 2604 3837 ‚
2687 3740 2942 3845 postea
3013 3762 3080 3821 a.

204 3902 211 3907 ·
340 3850 613 3933 Roscio
660 3846 991 4029 elluo-dam
1058 3843 1483 3949 adoptatus:
1556 3840 1885 3944 denique
1935 3863 2015 3932 et
2067 3844 2420 3919 Petronio
2483 3839 2712 3921 Didio
2773 3844 3054 3919 Seuero

338 3954 503 4033 duas
553 3952 703 4033 fuir
730 3944 1135 4039 e‘2vxores‚
1186 3970 1427 4023 -vnam
1480 3944 1873 4023 Aemiliam
1929 3942 2262 4039 Claram,
2335 3969 2432 4033 ex
2551 3968 2638 4019 ua
2703 3940 2880 4023 Did.
2931 3944 3054 4020 Iu-

342 4056 637 4153 lianus,
682 4058 877 4155 Imp.
940 4044 1235 4125 alteram
1304 4046 1605 4127 Vibiam
1674 4048 1986 4137 Varam,
2065 4070 2162 4122 ex
2228 4070 2374 4163 qua
2445 4046 2712 4125 D1dius
2777 4050 3056 4125 Procu-

336 4157 447 4239 lus
490 4152 815 4237 Roscius
864 4172 1083 4229 natus
1132 4147 1235 4227 lit.
1378 4152 1487 4229 Ita
1532 4148 1735 4229 enim
1798 4168 1877 4227 et
1943 4170 2290 4227 marmori
2345 4172 2430 4228 us
2491 4171 2668 4229 cum
2745 4146 3063 4257 Spartia-

430 4271 670 4359 (nem.
698 4250 948 4359 Opust.
986 4248 1281 4349 Pastum.
1316 4248 1391 4331 T
1376 4276 1506 4329 om.
1536 4252 1629 4347 I.)
2037 4248 2108 4329 C
2125 4272 2166 4325 c
2449 4298 2456 4307 -
2911 4268 3016 4323 no
3027 4298 3054 4337 ,
