3825 4800
579 367 738 480 μισ
945 297 1466 472 msToRm
1505 331 2195 468 mICToRm,·
2238 355 2403 478 ET·
2434 355 2803 438 EDICTI
2848 360 3125 442 PERP.

609 529 954 624 mentum
984 565 1150 620 aere
1170 539 1572 654 perennius
1599 536 1692 615 ad
1721 535 2227 643 posteritatem
2250 497 2610 622 stitutum.
2710 545 2864 624 Cui
2904 543 3179 624 stolido
3202 545 3344 625 ho·-

611 646 799 724 mini
827 647 1046 724 etiam
1067 646 1370 746 iungere
1403 642 1686 747 poteris
1705 640 2009 720 alteram
2042 667 2277 748 aeque
2310 644 2651 746 stolidam
2669 700 2695 741 ,
2758 647 2963 752 apud
2992 648 3343 728 eumdem

443 799 452 810 -
613 750 1025 852 Gruter0p.
1063 745 1473 839 CCCXXX,
1505 773 1588 841 4.
1635 770 1903 825 FAmAM
1965 773 2046 824 M·
2068 770 2191 834 ,ΕΤ
2239 772 2307 825 0.
2354 775 2420 826 L.
2486 749 2810 844 AnitTEN,
2856 776 3343 832 AncmmmAm

609 874 971 932 numius
1015 875 1129 926 ενι
1171 874 1460 927 minam
1507 873 1870 927 mmmm.
2015 852 2133 928 Ex
2162 873 2321 953 quo
2353 849 2617 930 Iuliani
2656 847 2831 927 loco
2862 850 3071 930 fimul
3100 853 3345 972 colligi

611 952 862 1060 potest
880 1007 906 1046 ,
945 949 1136 1056 quid
1153 949 1258 1026 ‘in
1285 949 1651 1054 postrema
1693 949 2171 1056 inscriptione
2215 949 2300 1028 lit
2340 952 2605 1032 diurna
2642 952 3069 1044 archimima
3079 1009 3105 1050 ‚
3158 977 3239 1032 et
3269 982 3349 1036 m

613 1057 864 1162 priore
895 1055 1186 1132 diumus
1203 1050 1560 1154 parasitus
1574 1051 1614 1131 ,θ
1665 1057 1977 1159 Nempe
2006 1053 2125 1130 illa
2152 1052 2295 1130 fuit
2322 1052 2577 1132 liberta
2594 1110 2617 1149 ‚
2664 1081 2857 1157 quae
2891 1055 3185 1134 diurnas
3220 1084 3349 1162 pa·-
3512 1088 3519 1097 ·

608 1179 839 1236 trono
869 1175 922 1234 o
978 1179 1130 1231 eras
1145 1160 1525 1257 tamquam
1535 1155 1959 1233 archimima
1978 1156 2412 1260 praestabat;
2457 1156 2820 1259 liquidem
2846 1181 3115 1262 operae
3128 1157 3342 1238 liber·-

607 1281 865 1339 torum
948 1259 1247 1351 iurnum·
1276 1278 1486 1333 erant
1518 1254 1848 1335 officium
1863 1313 1886 1352 ,
1934 1260 1987 1336 i.
2016 1285 2067 1338 1.
2092 1259 2146 1336 Ι.
2170 1285 2233 1354 3·
2259 1261 2358 1337 D.
2381 1259 2472 1338 de
2498 1281 2686 1363 oper.
2713 1261 2955 1338 libert.
3000 1265 3355 1363 quamuis

605 1361 944 1464 alioquin
967 1358 1200 1460 noctu
1231 1358 1676 1462 plerumque
1703 1361 1785 1440 in
1825 1359 2113 1438 scenam
2158 1361 2547 1467 prodirent
2576 1362 2808 1441 mimi.
2928 1365 3026 1442 Et
3052 1362 3233 1442 hinc
3260 1367 3339 1444 in

609 1463 990 1570 superiore
1019 1462 1242 1538 etiam
1271 1457 1748 1566 inscriptione
1779 1487 2099 1542 mviuws
2149 1489 2541 1544 ranam-svs
2574 1464 2715 1541 erit
2730 1521 2755 1560 ,
2822 1467 2955 1567 qui
2981 1463 3110 1543 has
3142 1465 3341 1544 diur-

605 1591 738 1645 nas
755 1571 1028 1671 'operas
1059 1559 1376 1640 debebat
1403 1587 1726 1668 patrono
1746 1621 1771 1660 ‚
1821 1587 1908 1643 vt
1932 1564 2143 1642 illum
2228 1565 2659 1645 randentem
2688 1587 2839 1644 arte
2880 1565 3001 1644 sua
3045 1591 3121 1646 et
3141 1566 3338 1646 scur-

606 1668 877 1747 rilitate
901 1665 1340 1758 oblectaret,
1386 1663 1722 1769 ollasque
1749 1670 1832 1746 in
1861 1691 1943 1744 ca
2001 1668 2104 1745 ite
2174 1693 2277 1745 uo
2320 1667 2685 1772 confringi
2714 1691 3116 1774 pateretur:
3164 1695 3338 1750 coe·
3452 1673 3457 1678 ’

606 1791 748 1850 nae
773 1791 963 1848 vero
990 1765 1222 1844 adeffe
1249 1789 1408 1843 non
1575 1791 1844 1848 eretur.
1998 1768 2092 1846 ed
2122 1771 2267 1848 iam
2298 1771 2651 1848 nonlicet
2670 1771 2915 1849 omnia
2930 1773 3103 1850 'eius
3118 1799 3339 1876 gene-

606 1873 710 1950 ris
729 1869 1124 1952 constritari
1133 1923 1162 1964 ‚
1233 1792 1809 1974 quumaiigifficiat
1837 1869 2203 1976 quaedam
2230 1875 2389 1952 eius
2420 1875 2529 1953 rei
2556 1871 2951 1980 specimina
2978 1873 3268 1955 dedifl'e.

923 2115 934 2124 ·
1004 2076 1532 2183 Progredimur
1555 2073 1647 2151 ad
1677 2063 2263 2195 philosophiam}
2315 2077 2461 2156 fine
2488 2099 2633 2184 qua
2666 2101 2897 2156 nemo
2924 2098 3203 2164 temere
3230 2080 3342 2156 iu-

598 2171 1022 2261 sisconfialni
1051 2203 1331 2280 nomen
1351 2201 1534 2255 cum
1562 2175 1778 2256 laude
1803 2179 2155 2258 tuebitur.
2260 2182 2631 2260 Falluntut
2663 2182 2862 2259 enim
2878 2229 2903 2274 -,
2956 2201 3343 2283 quotquot

605 2275 1124 2388 philosophiae
1265 2303 1433 2364 rum
1461 2279 1766 2356 'debere'
1789 2281 2438 2386 iurisprudentiam
2467 2337 2491 2377 ‚
2567 2285 2689 2360 vel
2727 2283 2905 2361 inde
2944 2281 3337 2386 colligunt,

608 2379 826 2485 quod
859 2375 1020 2461 sero
1049 2307 1550 2489 phffgsophari
1579 2384 1971 2486 coeperint
2000 2385 2355 2478 Romani,
2400 2394 2659 2487 ‘quum‘
2684 2387 2833 2465 iam
2858 2384 3148 2491 pridem
3184 2387 3335 2465 XII
3384 2466 3415 2475 ,

605 2480 894 2561 tabulae
908 2540 932 2580 ‚
979 2484 1150 2561 fons
1178 2480 1494 2563 vniuerfi
1571 2484 1795 2562 ublici
1823 2486 2249 2603 priuatique
2280 2486 2456 2563 iuris
2472 2542 2495 2580 ,
2545 2512 2686 2565 nec
2710 2514 2869 2581 non
2909 2492 3337 2596 interpreta-

608 2585 726 2663 tio
747 2587 1240 2687 prudentum,
1287 2582 1488 2663 form
1525 2684 1532 2693 ,
1565 2608 1801 2686 aeque
1827 2586 2277 2665 mdiciorum
2304 2593 2587 2667 Romae
2626 2591 3033 2695 viguiffent.
3128 2594 3337 2671 Nam

668 2685 782 2765 uis
807 2682 1083 2767 dixerit
1109 2684 1529 2791 aScipionis
1563 2688 2054 2792 temporibus»,
2082 2690 2353 2793 quibus
2380 2692 2763 2771 Panaetius
2792 2687 3338 2799 philosophiam

601 2712 893 2865 :locere
909 2794 1192 2871 Romae
1223 2786 1540 2894 coepiffie
1565 2787 1870 2885 dicitur,
1920 2791 2111 2869 nihil
2134 2793 2324 2876 noui
2348 2794 2525 2871 iuris
2553 2794 2866 2903 amplius
2898 2789 3037 2873 effe
3064 2796 3339 2875 consti⁴
3398 2876 3411 2889 ,

603 2899 908 2972 tutum?
947 2891 1246 2984 Deinde
1281 2892 1448 2995 quis
1461 2946 1490 2985 ‚
1537 2889 1844 2997 politisl
1938 2893 2141 2990 ibus,
2190 2917 2269 2973 et
2291 2894 2387 2972 ali
2550 2918 2951 2995 tssveterum
2980 2898 3369 3002 interpte-.

609 2998 992 3092 amends,
1025 3020 1172 3074 nec
1199 3018 1356 3073 non
1379 2993 1834 3075 iudiciorum
1948 2996 2227 3093 rmulis,
2281 2998 2411 3076 nul
2438 3026 2511 3079 as
2536 3000 2849 3107 amplius
2870 2998 3344 3105 iurisconsul3

607 3116 864 3175 torum
895 3122 1137 3205 partes
1177 3098 1258 3176 in
1291 3096 1806 3203 locupletanda
1839 3100 2409 3205 iurisprudentia
2450 3102 2659 3181 fuiffe
2699 3102 3028 3181 statuerit
3042 3108 3081 3181 Ρ
3138 3104 3337 3193 'Sane

540 3251 546 3258 -
605 3224 886 3303 quum,
937 3202 1220 3280 Iuliano
1247 3198 1504 3278 nostro
1523 3198 2000 3298 obseruame,
2044 3205 2329 3282 nonita
2356 3200 2568 3283 scribi
2652 3202 2869 3283 offint
2894 3204 3090 3308 leges
3106 3206 3331 3307 etQSe-

609 3302 1153 3381 natusconsulta
1167 3358 1191 3398 ‚
1217 3325 1304 3381 vt
1332 3320 1596 3379 omnes
1608 3302 1808 3381 casus
1839 3328 2257 3409 omnesque
2286 3306 2567 3385 articuli
2594 3338 2621 3385 ι
2648 3308 2732 3385 lis
2760 3305 3113 3411 sigillatim
3130 3332 3335 3385 com-

397 3510 402 3517 ·
473 3490 478 3495 ,
609 3406 1213 3509 Ρτεὴειιᾱεῐιωῐε,
1245 3431 1341 3481 ex
1369 3404 1484 3482 his
1517 3402 1718 3499 sane,
1781 3428 1975 3509 quae
2014 3408 2265 3512 primo
2306 3407 2601 3486 fuerant
2624 3410 3019 3487 constituta
3035 3466 3058 3504 ,
3108 3410 3336 3489 inter-

607 3507 1024 3611 pretatione
1057 3506 1239 3584 certi
1265 3505 1456 3608 quid
1485 3508 2091 3588 comtituendum
2118 3530 2292 3587 erat.
2340 3512 2396 3589 l.
2426 3535 2519 3588 ιο.
2538 3512 2593 3589 1.
2612 3536 2687 3590 ιι.
2705 3512 2756 3590 l.
2794 3536 2883 3592 12.
2899 3513 2995 3591 D.
3015 3506 3101 3591 de
3127 3514 3199 3591 le
3245 3513 3337 3591 ib.

611 3610 714 3688 Ea
740 3610 820 3687 in
847 3609 1452 3715 interpretatione
1481 3608 1929 3715 plerumque
1954 3612 2499 3717 praestruebant
2526 3614 2950 3693 communia
3031 3640 3163 3713 uae
3216 3640 3334 3693 am

611 3710 974 3819 principia
1003 3710 1336 3805 moralia,
1359 3732 1482 3788 ex
1528 3711 1801 3817 quibus
1849 3711 2359 3811 conclusiones
2384 3716 2773 3822 plerasque
2790 3770 2819 3812 ,
2864 3716 3007 3821 legi
3058 3740 3144 3791 us
3176 3740 3331 3793 non

607 3812 1174 3917 comprehensas
1187 3869 1212 3911 ‚
1271 3813 1700 3895 deriuarunt
1739 3814 2281 3912 Iurisconsulti,
2327 3841 2409 3897 et
2450 3816 2943 3898 diuerfiffimas
2988 3815 3327 3920 quidem,
3369 3899 3391 3905 Q
3492 3854 3503 3863 ·

610 3934 842 4017 prout
865 3916 1044 3994 huic
1067 3918 1266 3995 illiue
1295 3916 1520 3995 seciae
1543 3916 1688 3996 sese
1713 3918 2166 3998 addixiffent.
2218 3923 2449 4002 Certe
2474 3922 2553 3999 id
2572 3920 2879 4024 quidem
2908 3942 3329 4022 vsquequa-

612 4040 764 4120 que
792 4042 1054 4095 verum
1080 4020 1224 4114 est,
1273 4018 1832 4119 iurisconsultos
1859 4022 2283 4102 Stoicorum
2310 4022 2706 4127 παρώδοξας
2730 4024 2985 4123 θέσεις,
3032 4044 3225 4123 quae
3247 4044 3333 4099 vt

611 4126 653 4194 a
687 4117 1145 4225 reliquorum
1171 4122 1440 4227 ‚philos
1465 4148 1467 4151 ⁴
1549 4145 1802 4203 nrum
1839 4120 2216 4205 sententiis
2232 4140 2270 4222 ',
2328 4124 2425 4203 fic
2468 4128 2557 4205 ab
2598 4120 2729 4204 vsu
2768 4122 2971 4202 ciuili
3002 4143 3337 4205 remotae

607 4218 918 4321 fuerint,
960 4222 1180 4331 plane
1216 4224 1628 4329 neglexiffi.
1675 4228 1953 4311 Cicero
1994 4228 2196 4312 enim
2230 4231 2309 4309 ἐκ
2338 4248 2649 4335 prooem.
2689 4227 3043 4312 Paradox.
3069 4228 3240 4345 qap.
3254 4230 3359 4413 ἔ

3017 4356 3255 4413 amma
3303 4376 3340 4393 «-
