3825 4800
661 408 823 484 544

1496 378 1938 461 ED1cT1
2005 353 2617 505 PERPETVI
2933 450 2942 459 .

520 650 529 657 .
678 566 797 672 fit,
816 702 821 709 .
842 566 945 679 d>
998 590 1262 691 neque
1326 592 1426 654 ea
1479 592 1603 653 res
1655 526 1985 655 arbitrio
2039 563 2330 655 indicis
2375 560 2916 677 exlubebimt,
2965 564 3052 680 e)
3105 561 3381 767 adug}

674 904 1065 985 dominum
1110 908 1314 1005 dicit,
1338 936 1479 987 nec
1494 908 1718 987 debet
1732 907 1978 989 osten-

676 1008 856 1085 dere
903 1008 1359 1106 dominium,
1425 1036 1663 1115 quum
1705 1010 1978 1089 multae

674 1107 816 1186 fint
836 1112 1103 1209 ceufihe
1132 1114 1223 1191 ad
1238 1112 1741 1193 exhibendum
1760 1140 1797 1189 a
1848 1136 1978 1189 en-

677 1210 783 1296 di.
826 1238 1112 1295 vuum.
1154 1218 1303 1296 Lib.
1332 1220 1601 1295 XXIV.
1641 1217 1744 1293 ad
1862 1214 1977 1291 ia.

676 1313 730 1392 l.
752 1338 815 1406 3.
842 1316 909 1411 5.
943 1342 993 1395 ι.
1024 1320 1122 1397 D.
1146 1318 1250 1396 ad
1272 1318 1499 1396 exhib.
1550 1318 1677 1395 Est
1700 1341 1877 1419 ergo
1896 1317 1978 1392 in

672 1412 747 1491 se
832 1413 1172 1497 ersonalis
1206 1419 1513 1521 quidem
1548 1418 1731 1496 haec
1762 1416 1976 1510 aeliu,

674 1439 829 1592 setl3
830 1520 897 1595 ei
926 1524 1313 1627 competit,
1332 1520 1465 1623 qui
1494 1520 1571 1597 in
1594 1546 1751 1637 rem
1778 1518 1978 1596 aestu-

678 1644 807 1697 rus
848 1622 993 1717 est}
1062 1622 1583 1725 qualicumque
1663 1647 1739 1698 m
1815 1642 1976 1697 rem

679 1720 965 1799 afflone
983 1779 1005 1818 ,
1037 1722 1267 1801 veluti
1296 1724 1427 1826 qui
1444 1724 1783 1815 Seruiana
1816 1718 1992 1799 vult·

577 1885 587 1893 .
672 1826 996 1925 experiri
1012 1880 1035 1919 ,
1070 1825 1185 1903 vel
1218 1822 1745 1903 vsumfi‘u&um
1775 1844 1984 1930 pete-

678 1946 783 2017 re,
812 1926 927 2005 vel
956 1926 1346 2006 interdiao
1374 1931 1507 2023 vti,
1540 1927 1660 2005 vel
1690 1924 1983 2005 seruum

677 2022 1039 2133 aliamque
1058 2054 1239 2124 rem,
1256 2028 1387 2106 fibi
1416 2030 1744 2135 legatam,
1766 2048 1982 2132 opta-

658 2148 926 2225 mutue,
956 2132 1076 2209 vel
1102 2132 1349 2209 noxali
1366 2132 1651 2209 aelurus
1680 2130 1983 2209 iudicio.

678 2229 760 2307 Si
784 2236 955 2333 quis
984 2256 1187 2311 extra
1202 2232 1551 2311 heredem
1578 2234 1984 2311 tabulasto-

512 2378 527 2387 ·
678 2329 1023 2412 statuenti
1064 2331 1185 2416 vel
1216 2332 1597 2414 codicillos
1626 2332 1984 2440 inspicere

679 2429 1071 2528 defidant,
1144 2459 1304 2511 non
1348 2436 1437 2512 ad
1472 2435 1984 2514 exhibendum

684 2534 909 2715 agigjb
921 2534 1079 2716 segj
1095 2534 1488 2652 interdisto
1562 2536 1657 2650 de
1716 2537 1980 2716 tubal-ibe

680 2659 778 2711 ex
834 2667 859 2715 1
910 2661 1004 2716 en
1082 2657 1399 2714 svntur.
1448 2661 1804 2718 νιΡιΑΝ.
1961 2694 1982 2715 .

680 2738 947 2817 XXIV.
991 2738 1095 2817 ad
1136 2739 1351 2817 Edicl.
1392 2739 1445 2816 l.
1467 2740 1631 2836 3.§.
1652 2753 1826 2834 3-8.
1876 2743 1982 2819 D.

678 2839 785 2917 ad
802 2840 1029 2920 exhib.

784 2944 867 3042 d)
918 2943 1119 3022 Dum
1128 2937 1271 3043 sua
1308 2936 1640 3040 interfit.]
1739 2937 1987 3020 Scien-

684 3045 871 3124 dum
902 3045 1099 3122 enim
1119 3097 1142 3138 ,
1188 3043 1282 3121 ad
1305 3041 1811 3121 exhibendum
1827 3066 1986 3122 non

434 3181 451 3192 ·
528 3231 574 3252 *x
680 3145 917 3226 modo
946 3169 1155 3252 agere
1184 3169 1359 3238 eos,
1409 3167 1603 3248 quos
1638 3144 1988 3240 diximus,

680 3249 807 3328 sed
839 3269 917 3325 et
938 3273 1266 3352 quorum
1290 3245 1629 3340 interest,
1692 3246 1789 3324 de
1820 3271 1983 3350 quo

682 3349 909 3428 iudex
942 3349 1357 3428 summatim
1396 3347 1796 3453 cognoscit.
1895 3348 1985 3428 Id

684 3453 899 3555 quod
964 3451 1177 3530 variis
1236 3452 1608 3554 exemplis
1656 3450 1984 3528 ostendit

684 3579 974 3636 νιΡιΑΝ.
1019 3553 1184 3631 ibid.
1216 3553 1285 3630 λ.
1316 3579 1381 3647 3.
1426 3555 1494 3652 5.
1511 3579 1560 3645 9
1591 3599 1628 3612 ·-
1668 3578 1775 3646 14.
1822 3554 1881 3638 l.
1911 3579 1982 3646 5.

673 3676 796 3760 pr.
826 3657 895 3754 5.
925 3682 975 3735 ι.
1018 3677 1090 3733 et
1131 3653 1340 3758 [ἔφη.
1368 3673 1612 3760 {vs-que
1660 3653 1767 3732 ad
1802 3656 1873 3751 §.
1910 3680 1982 3748 5.

686 3761 785 3836 D.
813 3757 965 3836 eod:
986 3758 1105 3838 tit.
1192 3757 1556 3834 Praeclare
1584 3777 1765 3837 vero
1778 3753 1982 3832 idem

662 3869 787 3937 ‘ex
813 3861 1239 3964 Pomponio
1264 3878 1571 3960 monet,
1620 3859 1812 3949 eiuS,
1844 3856 1982 3964 qui

684 3961 776 4038 ad
830 3961 1334 4058 exhibendum
1390 3961 1572 4146 αῗρτ,
1657 3981 1980 4066 vtroque

684 4083 1027 4164 tempore
1118 4064 1442 4168 interfifil
1472 4090 1515 4141 e
1587 4081 1982 4168 oportere,

2075 909 2220 987 tiae
2237 965 2260 1004 ,
2312 904 2524 1011 quod
2569 927 2649 985 et
2693 929 3002 1011 LAnEom
3043 902 3380 1011 placuisse

2076 1011 2380 1089 testatur
2469 1036 2825 1090 vLmAN.
2893 1009 3054 1087 Lib.
3122 1010 3302 1087 XXI
3303 1008 3379 1085 V.
3393 1020 3410 1037 ·‘

2071 1114 2186 1193 ad·
2215 1112 2431 1190 Edia.
2475 1112 2528 1188 l.
2552 1138 2647 1205 ,7.
2685 1110 2754 1209 5.
2801 1138 2868 1207 7.
2919 1113 3022 1188 D.
3057 1108 3214 1189 eod.
3247 1109 3376 1199 tit.

2073 1216 2182 1293 Ita
2213 1236 2290 1292 et
2318 1212 2414 1290 de
2445 1222 2558 1307 [eo
2597 1212 3060 1307 exhibendO,
3148 1235 3374 1314 quem
3471 1272 3478 1279 .

2072 1315 2244 1495 {uls
2257 1314 2778 1495 ingibemlem
2811 1314 3184 1494 vina-imre
3199 1310 3375 1490 vtfflkt,

2129 1442 2342 1495 mea
2439 1442 2572 1497 om
2659 1440 3034 1493 ocusee
3203 1438 3363 1491 te:

2075 1544 2328 1597 mvn..
2361 1520 2506 1597 Lib.
2541 1521 2801 1596 XXVI.
2842 1521 2948 1597 ad
2970 1518 3182 1597 Edza.
3209 1518 3268 1595 l.
3289 1540 3374 1594 ιι.

2069 1642 2193 1724 pr.
2239 1622 2338 1698 D.
2397 1620 2540 1697 eod.
2597 1621 2718 1697 tit.
2765 1618 3001 1697 modo
3057 1619 3375 1709 constet,

2083 1723 2206 1799 cui
2249 1721 2370 1799 illa
2409 1720 2700 1800 libertas
2739 1724 3178 1801 testamento
3219 1718 3379 1799 'data

2079 1823 2188 1903 fit.
2287 1824 2612 1929 Qoties
2673 1824 2876 1903 enim
2937 1848 3036 1902 ex
3085 1823 3380 1925 duobus

2081 1925 2355 2007 eodem
2379 1926 2690 2004 nomine
2722 1924 2946 2005 seruis
2980 1950 3172 2003 vnus
3199 1924 3380 2003 liber

2082 2026 2224 2106 esse
2282 2026 2503 2133 luffus
2522 2081 2547 2121 ,
2581 2104 2586 2111 ,
2617 2040 2760 2105 nec
2819 2028 3157 2134 adparet,
3249 2026 3380 2130 qui

2079 2126 2200 2223 fit,
2249 2128 2494 2208 nullus
2527 2128 2711 2206 liber
2741 2132 2869 2209 est.
2935 2155 3186 2209 mvn.
3233 2130 3381 2209 Lib.

2079 2232 2343 2311 XXVI.
2369 2230 2478 2309 ad
2497 2232 2713 2311 Edia.
2759 2234 2811 2313 l.
2841 2260 2935 2327 31.
2971 2238 3069 2312 D.
3109 2232 3198 2313 de
3229 2256 3378 2309 ma·-

2059 2326 2355 2450 mcmg'ffi
2373 2330 2656 2432 testam.
2753 2336 3105 2440 Denique
3129 2356 3210 2413 et
3237 2356 3376 2414 no-

2075 2435 2222 2512 stra
2245 2435 2582 2542 mustene
2609 2435 2952 2533 videtur,
3025 2436 3152 2516 vbi
3195 2436 3380 2542 quid

2063 2559 2178 2612 ex
2227 2560 2304 2612 re
2363 2537 2634 2618 nostra.
2659 2537 2932 2618 faaem
2950 2594 2973 2635 ,
3049 2541 3278 2618 veluti
3325 2537 3376 2633 fi

2063 2635 2247 2740 *quis
2274 2637 2382 2713 ex'
2399 2639 2590 2732 vuis‘·
2609 2643 2795 2720 meis
2839 2641 3198 2736 mustum,
3262 2643 3382 2720 vel

2073 2761 2174 2818 ‘ex
2209 2739 2428 2818 oliuis
2457 2742 2642 2828 meis
2671 2741 2962 2837 oleum,
3009 2743 3129 2824 vel
3155 2743 3300 2822 exl
3341 2792 3375 2804 -
3484 2747 3493 2753 “

2078 2866 2172 2920 na
2200 2863 2362 2918 mea
2375 2843 2810 2922 vestimenta
2821 2843 3104 2924 fecerit.
3145 2845 3378 2954 Qod
3529 2875 3540 2884 ·

2079 2944 2282 3022 enim
2321 2969 2438 3022 ex·
2459 2969 2542 3022 re
2579 2948 2823 3025 nostra
2863 2946 2986 3042 fit,
3051 2949 3382 3028 nostrum

2088 3045 2264 3140 effe,
2327 3047 2574 3125 verius
2619 3051 2747 3128 est.
2875 3073 3191 3130 PAVLL.
3234 3051 3385 3129 Lib.

2087 3149 2352 3226 XXVI.
2404 3149 2508 3227 ad
2547 3151 2763 3232 Edia.
2819 3154 2872 3230 l.
2927 3177 3018 3232 12.
3071 3151 3146 3250 §.
3173 3176 3238 3247 3.
3279 3153 3379 3230 D.

2085 3250 2228 3327 eod.
2268 3250 2386 3327 tit.
2683 3317 2692 3326 .

2185 3356 2270 3450 e)
2326 3350 2656 3429 Arbitrio
2714 3351 2960 3432 iudica&
3031 3351 3380 3432 exhibebi-

2079 3455 2260 3550 tur.]
2357 3451 2488 3531 Ad
2530 3452 2732 3531 hunc
2773 3455 3029 3533 locum
3070 3475 3383 3534 monent
3524 3477 3539 3487 ·
3667 3465 3676 3474 '
3734 3437 3737 3480 ³

2075 3558 2662 3736 ὲῗὲᾓίξθὲῗηᾎέε
2680 3554 3386 3754 ξ’ῗῗὲἓῖᾒιῗέξὲζ
3507 3727 3519 3734 .

2061 3757 2185 3834 ·do
2229 3756 2387 3835 fieri
2479 3757 2682 3836 offit:
2766 3759 3010 3838 veluti·
3041 3758 3092 3837 fi
3129 3756 3380 3836 seruus
3505 3759 3545 3837 ..³

2081 3861 2161 3938 in
2191 3857 2356 3964 fuga
2417 3883 2513 3955 lt,
2563 3861 2682 3939 vel
2699 3863 2976 3938 morari
3009 3865 3078 3938 ei
3105 3861 3384 3965 permi-
3516 3852 3527 3869 ⁵

2065 3959 2290 4055 eseris,
2323 3964 2776 4068 vbicumque
2809 3962 3024 4056 velit,
3061 3961 3194 4039 =vel
3213 3987 3380 4068 per-

2077 4089 2246 4169 egre
2269 4089 2442 4144 eum
2481 4065 2954 4170 ablegaueris:
3021 4087 3182 4167 quo
3219 4061 3386 4140 casu

661 4185 846 4242 ·rem
874 4165 943 4240 ei
962 4165 1277 4260 restitui,
1326 4191 1529 4272 puta,
1577 4187 1657 4243 et
1682 4186 1980 4268 tempo·
2061 4165 2344 4272 <generis
2373 4165 2604 4246 saltim
2659 4191 2944 4256 cauere:
2996 4190 3072 4245 te
3115 4163 3386 4243 exhibi-

597 4277 623 4362 ᾗ
683 4291 763 4347 re
792 4265 949 4346 lit-is
996 4271 1441 4353 comestame
1459 4324 1483 4365 ‚
1566 4289 1645 4347 et
1686 4265 1978 4347 senten-

880 4385 893 4416 ·

2077 4292 2362 4368 turum,
2441 4267 2524 4370 st
2567 4269 2642 4348 in
2683 4265 3134 4376 potestatem·
3175 4291 3381 4346 tuam

3123 4391 3382 4472 perue-
