3825 4800
656 406 785 483 520

762 494 767 501 ι

1358 312 1363 317 ’
1452 372 1890 457 EDICTI
1977 374 2578 459 PERPETVI
2668 432 2690 457 .

868 564 935 680 §.
996 562 1049 649 1.
1103 559 1507 649 Aduersus
1554 590 1743 651 eum
1774 624 1799 663 ,
1864 589 2000 661 <m
2044 586 2383 653 ommno
2429 586 2614 653 NoN
2663 580 3246 666 'meorum-:mn
3271 558 3367 676 O

655 676 745 765 in
771 676 1110 765 solidum
1142 676 1543 765 actionem
1588 675 1828 764 dabo.
1862 680 1964 792 g)
2009 714 2021 721 ·

712 974 1109 1082 ηαᾱτεητεζ
1154 987 1275 1079 vel
1302 985 1619 1063 omnino
1660 1010 1820 1065 non
1852 1012 1970 1065 es-

652 1008 762 1168 Pet
801 1088 1013 1165 heres
1031 1143 1055 1182 ,
1104 1116 1201 1167 ex
1228 1088 1361 1167 affe
1389 1086 1461 1165 se
1492 1089 1839 1167 heredem
1854 1090 1968 1167 di-

656 1188 902 1285 xiss‘et,
951 1191 1033 1269 in
1064 1190 1281 1271 affem
1314 1188 1651 1285 instituta
1680 1191 1968 1271 afflone

654 1291 853 1371 reste
878 1293 1477 1373 conueniebamr.
1526 1290 1740 1371 Fides
1762 1296 1966 1373 enim

657 1395 931 1496 cuique
956 1418 1211 1475 contra
1239 1394 1311 1472 se
1340 1394 1755 1473 habebatur.
1822 1424 1871 1497 γ
1886 1422 1962 1475 L-

654 1522 895 1575 PlAN.
938 1500 1087 1578 Lib.
1130 1500 1365 1575 XXII.
1405 1496 1509 1573 ad
1538 1498 1749 1575 Edicl.
1790 1500 1842 1576 l.
1881 1522 1962 1576 ιι.

657 1599 737 1695 §.'
772 1624 823 1676 1.
866 1620 939 1676 et
985 1630 1050 1685 2.
1094 1605 1193 1679 D.
1236 1598 1383 1677 eod.
1442 1600 1559 1675 tit.
1686 1600 1764 1676 Si
1880 1624 1962 1677 er

648 1698 1122 1779 mendacium
1150 1726 1247 1777 ex
1274 1699 1677 1802 quadrante
1724 1699 1799 1778 fe
1880 1726 1960 1777 e·-

654 1799 910 1877 redem
950 1802 1473 1907 profitebatur,
1566 1825 1803 1905 quum
1862 1828 1982 1881 ex.

652 1900 927 1981 semiffe
973 1904 1146 1983 esset
1199 1905 1407 1985 heres
1422 1958 1448 1999 ,
1520 1905 1599 1995 in
1638 1903 1956 1984 solidum

648 2001 715 2081 is
792 2005 987 2083 recie
1076 2006 1684 2100 conueniebatur,
1784 2008 1962 2111 quia

650 2108 952 2187 mentiri
988 2133 1154 2207 'non
1196 2108 1569 2203 debuiss'et.
1666 2136 1956 2189 vu’mw.
1995 2167 2006 2179 ι

650 2208 820 2287 ibid.
856 2212 911 2289 l.
948 2238 1033 2291 ιι.
1060 2214 1129 2310 §.
1148 2239 1211 2305 3.
1254 2214 1352 2290 D.
1397 2214 1539 2290 eod.
1575 2213 1695 2292 tit.
1793 2214 1958 2290 Te·-

646 2332 873 2395 netur
912 2338 1092 2417 ergo
1144 2316 1309 2417 quis
1370 2322 1465 2391 ue
1490 2332 1613 2391 *ex
1670 2310 1789 2391 sua
1833 2338 1956 2391 re-

648 2411 697 2492 s
735 2411 1076 2508 onfione,
1165 2441 1309 2516 qua
1339 2445 1363 2490 1
1422 2441 1521 2492 ex
1578 2416 1958 2494 commeta

644 2441 1007 2618 ozligatus
1022 2567 1047 2607 ‚
1110 2539 1251 2618 pro
1292 2539 1451 2616 quo
1498 2515 1856 2619 pulsatur,
1908 2515 1960 2594 fi

650 2615 741 2692 ab
807 2612 1215 2694 aduersario
1281 2617 1769 2720 interrogatus
1837 2643 1952 2695 re-

642 2715 1045 2822 sponderit.
1140 2717 1285 2796 Sed
1326 2740 1402 2794 et
1442 2716 1490 2794 fi
1538 2745 1578 2794 a
1608 2721 1954 2799 Praetore

640 2822 1133 2924 interrogatus
1164 2818 1271 2916 fit,
1300 2821 1485 2898 nihil
1512 2819 1731 2898 faciet
1742 2825 1956 2900 Prae-

644 2925 829 3001 toris
857 2973 863 2980 -
888 2921 1275 3001 audieritas
1289 2978 1314 3019 ,
1386 2920 1511 3001 sed
1559 2922 1779 3029 ipfius
1833 2951 1954 3004 r-e-

641 3023 993 3130 sponsum
1049 3022 1198 3102 flue
1229 3025 1751 3110 mendacium..
1814 3053 1950 3108 vr.-

640 3153 835 3207 PIAN.
885 3127 1052 3207 ibid.
1094 3129 1145 3206 l.
1179 3155 1257 3208 ιι.
1284 3129 1353 3226 §.
1372 3153 1442 3220 9.
1499 3129 1597 3224 D.
1648 3131 1793 3208 eod.
1826 3133 1947 3210 tit.

638 3229 863 3310 Aciio
879 3286 902 3325 ,
950 3253 1139 3330 quae
1178 3229 1352 3308 inde
1378 3227 1723 3324 nascitur,
1804 3257 1950 3310 vo·-

638 3355 845 3410 catur
870 3357 1521 3412 1NTERRoGAmR1A
1550 3335 1625 3408 in
1657 3333 1855 3412 rubr.
1870 3359 1945 3412 et

637 3437 691 3514 l.
722 3463 821 3514 22.
844 3436 950 3516 D.
978 3435 1120 3515 eod.
1168 3436 1503 3536 itemque
1548 3458 1942 3514 CONFESSO-

634 3564 757 3614 mA
775 3589 797 3624 ,
868 3558 1231 3638 quatenus
1274 3559 1369 3612 ex
1420 3535 1712 3616 alterius
1754 3549 1939 3618 con-
1997 3627 2001 3632 .

629 3635 960 3716 feffione.
1006 3639 1056 3716 l.
1081 3665 1180 3731 25.
1202 3639 1271 3735 §.
1298 3663 1347 3716 1.
1374 3639 1475 3714 D.
1520 3637 1625 3716 ad
1655 3639 1793 3740 leg.
1832 3645 1940 3718 A-

624 3742 831 3846 quill.
882 3739 1063 3819 Vid.
1110 3741 1431 3818 Duaren.
1469 3739 1743 3916 Digna.
1784 3745 1940 3820 An·-

636 3839 903 3943 m'uerst
927 3845 984 3938 I,
1016 3868 1129 3936 43.
1180 3843 1343 3918 Ger.
1376 3845 1563 3920 Noo
1616 3863 1649 3916 t
1674 3843 1932 3923 Comm.

629 3945 735 4020 ad
764 3945 987 4022 Paml.
1012 3943 1081 4022 h.
1113 3967 1167 4022 t.
1190 3965 1439 4047 [κερ.
1478 3966 1557 4019 et
1584 3943 1784 4022 alios·

726 4043 801 4143 f)
850 4071 1146 4124 oMNmo
1194 4072 1349 4126 Nos
1392 4051 1928 4145 RESPONDEMTJ

3069 699 3074 705 ⁵
3119 712 3126 724 ι

3171 816 3372 877 ΤΙΤ.

2046 986 2139 1084 a5.
2158 1007 2227 1079 5.
2261 988 2362 1067 D.
2409 984 2552 1062 eod.
2597 985 2716 1063 tit.
2769 946 2892 1061 {sbi
2937 1004 3014 1061 et
3037 977 3374 1061 obferunt
3431 948 3436 953 ’

2068 1088 2398 1193 primum
2422 1090 2494 1185 ς.
2522 1114 2599 1173 4.
2629 1110 2803 1163 eum
2849 1110 3200 1189 quoque,
3238 1088 3371 1188 qui

2063 1191 2296 1269 tacuit
2327 1189 2525 1295 apud
2542 1191 2960 1267 Praetorem
2977 1190 3372 1267 ineamus-

2064 1291 2133 1370 sa
2162 1292 2339 1388 effe,
2392 1315 2477 1370 vt
2505 1292 2831 1369 instituta
2858 1290 3236 1369 afflonein
3251 1288 3366 1367 so-

2061 1394 2300 1474 lidum
2370 1393 2934 1487 conueniretur,
3035 1416 3364 1494 eumque

2063 1496 2254 1574 hanc
2293 1498 2566 1578 merito
2609 1520 2932 1599 poenam
2977 1517 3362 1573 contuma-

2063 1600 2214 1676 ciae
2241 1597 2463 1693 ferne,
2493 1596 3132 1701 quemadmodum
3161 1594 3212 1673 fi
3237 1622 3365 1673 ne-

2059 1700 2310 1805 gass‘et,
2361 1702 2534 1880 3uia
2551 1782 2554 1785 ,
2571 1704 2989 1778 Praenorem
3031 1720 3362 1799 contem-

2059 1828 2236 1881 nere
2283 1804 2360 1881 vi
2413 1824 2653 1880 eatur:
2719 1801 2992 1881 deinde
3025 1804 3095 1900 §-
3139 1812 3198 1879 6.
3247 1803 3362 1879 iu-

2055 1904 2534 1983 risconsultos
2577 1902 2761 1983 h'aec
2815 1904 3035 1982 verba
3087 1906 3188 1985 ita
3243 1930 3360 1979 ac-

2057 2006 2358 2112 cepifl'e,
2405 2030 2491 2085 vt
2515 2028 2594 2084 et
2625 2008 2686 2083 is
2719 2008 3034 2085 omnino
3059 2030 3217 2084 non
3247 2007 3360 2085 vi·-

2055 2110 2354 2190 deretur
2377 2108 2814 2215 respondisse
2828 2166 2851 2203 ‚
2893 2110 3028 2211 qui
3053 2107 3356 2213 respon·-

2050 2212 2163 2291 dit
2191 2212 2497 2315 quidem
2511 2266 2536 2307 ‚
2585 2209 2710 2289 sed
2737 2236 2892 2290 non
2923 2210 3015 2287 ad
3041 2212 3360 2288 interro-

2135 2338 2231 2409 ω,
2277 2314 2357 2392 id
2383 2314 2513 2410 est,
2544 2311 2686 2395 a’Sev
2717 2316 2882 2420 πρδς
2915 2316 3094 2401 ἔπος.
3149 2316 3357 2432 Qa-

2083 2419 2144 2495 is
2181 2419 2294 2494 est
2344 2417 2463 2494 illa
2515 2414 2886 2522 responfio
2926 2417 3354 2512 Tranionrs,

2053 2519 2244 2596 serui
2295 2521 2760 2614 veteratoris,
2839 2519 2930 2598 ad
2983 2519 3352 2620 quaestio-

2049 2645 2224 2698 nem
2309 2619 2822 2727 Theuropidis
2905 2621 3066 2700 heri
3155 2621 3352 2725 apud

2049 2723 2282 2802 Plaut.
2327 2724 2404 2800 in
2436 2721 2731 2822 Mostell.
2765 2726 2920 2802 Aa.
2975 2726 3052 2801 V.
3079 2722 3272 2825 sten.
3297 2751 3348 2804 ι.

2047 2853 2122 2904 v.
2151 2851 2261 2917 7²·
2789 2889 2794 2892 .

2149 2953 2280 3007 Tu.
2299 2950 2306 2971 ⁴
2325 2931 2645 3030 Loquere
2659 2980 2683 3019 ,
2762 2927 3137 3006 cuiusmodi
3173 2931 3346 3009 reli-

2253 3031 2417 3134 qui,
2469 3055 2692 3207 qmlafn
2717 3026 2880 3190 '³²3¹‘
2915 3031 3230 3126 abibam,
3239 3037 3349 3135 fi-

2609 3157 2754 3208 tum
2769 3193 2786 3208 .

2143 3255 2198 3308 'r
2213 3257 2280 3309 n.
2343 3233 2519 3310 Cum
2577 3232 2899 3333 pedibtd,
2953 3233 3306 3326 ,manibus
3319 3291 3346 3330 ,

2247 3357 2428 3411 cum·
2443 3335 2684 3435 digitis
2699 3388 2721 3427 ,
2785 3337 3106 3430 auribus,
3181 3363 3340 3416 ocu-

2499 3438 2588 3514 lta
2602 3488 2625 3527 ,
2673 3435 2918 3514 labris.

2133 3559 2266 3614 Tu.
2316 3537 2551 3616 Aliud
2581 3560 2656 3616 te
2693 3565 2882 3640 rogo·
2931 3563 3056 3617 Ta.
3107 3539 3346 3620 Aliud

2245 3665 2434 3717 nunc
2478 3667 2601 3741 ego
2633 3641 2766 3718 tibi
2801 3638 3189 3744 respondeo.

2135 3748 2210 3842 g)
2261 3745 2345 3817 In
2354 3738 2667 3841 so'lidum
2707 3745 3042 3820 amonem
3093 3743 3338 3844 deba]

2036 3841 2215 3918 Hoc
2275 3843 2354 3919 in
2415 3857 2732 3946 poenam
2807 3847 3334 3924 contumaciae.

2033 3945 2224 4020 Non
2250 3969 2431 4046 ergo
2467 3944 2556 4021 ad
2595 3944 2743 4022 hoc
2769 3945 3128 4024 silentium
3147 4001 3170 4042 ‚
3213 3948 3325 4024 vti

2029 4043 2266 4122 visum
2309 4047 2417 4124 est
2456 4047 2738 4125 Grotio
2781 4050 2858 4126 in
2897 4051 3084 4128 Flor.
3105 4049 3340 4151 sparfi
3409 4076 3440 4098 ⁶

623 4147 873 4228 Verba
900 4147 1080 4222 haec
1111 4145 1433 4227 edistalia
1458 4143 1775 4227 seruauit
1800 4175 1929 4226 VL-
2012 4163 2092 4247 p.
2125 4164 2281 4263 348.
2328 4145 2450 4226 sed
2483 4148 2576 4226 ad
2606 4149 3070 4230 omiffionem
3115 4177 3344 4230 exce-2

626 4275 824 4357 urm.
876 4248 1027 4329 Lib.
1078 4250 1315 4331 ΧΧΙΙ.
1352 4249 1456 4370 ad
1490 4247 1705 4332 Edid.
1756 4251 1811 4332 l.
1851 4275 1936 4334 ιι.
2033 4271 2383 4354 pnonum
2449 4251 2827 4356 pertinent

2948 4421 2960 4426 -
3027 4356 3334 4460 phontis

3027 4545 3086 4596 f

2881 4251 3002 4332 illa
3073 4254 3334 4331 Demi-
3441 4249 3448 4256 ⁴
