3825 4800
386 4266 426 4281 ῃ

1370 327 1747 455 onom
1810 371 2018 454 svo
2067 375 2467 496 REsTrr.
3129 405 3258 480 579
3311 322 3318 341 ⁵
3377 467 3403 476 -

849 583 1075 646 mort.
1098 557 1303 640 caussl
1330 557 1504 638 don.
1520 559 1646 640 vbi
1678 581 1757 640 et
1783 583 1936 638 rem
1965 559 2268 638 alienam
2296 584 2332 636 a
2361 557 2746 640 donatario
2775 561 3062 670 vsucapi
3080 589 3260 671 pos-

858 665 933 744 se
964 666 1298 743 docetur.
1418 662 1624 766 Qujd
1675 688 1895 756 vem,
1945 661 1990 738 fi
2019 687 2134 740 res
2163 661 2426 740 mortis
2463 661 2686 740 causta
2713 663 3014 742 traditae
3045 670 3260 748 vxori

852 763 1396 846 filiaefamilias?
1457 764 1679 842 Valet
1722 764 2065 858 donatio,
2129 761 2178 840 fi
2217 763 2397 841 viuo
2445 764 2711 842 marito
2753 765 2860 844 sui
2904 767 3080 846 iuris
3107 769 3256 854 fiat.

850 877 887 918 ⁴
936 870 989 948 l.
1019 895 1099 948 11.
1130 868 1197 965 §.
1214 892 1279 959 3.
1306 865 1395 942 de
1414 865 1651 944 donat.
1684 866 1880 944 inter
1911 867 2052 944 vir.
2083 886 2154 942 et
2186 893 2308 942 vx.

759 973 833 1074 41
888 971 1053 1050 Reli
1110 992 1245 1044 uae
1272 967 1709 1044 donationes
1728 1022 1749 1060 ,
1802 991 1986 1070 quas
2019 965 2214 1070 leges
2243 965 2484 1046 valere
2501 989 2659 1047 non
2679 968 3078 1074 patiuntur,
3099 997 3254 1052 non

679 1067 688 1072 ’
852 1095 1047 1150 trans
1078 1089 1297 1146 erunt
1327 1067 1768 1148 dominium.
1868 1069 2091 1148 Vnde
2123 1093 2238 1145 res
2267 1089 2522 1148 extans
2551 1071 2978 1150 vindicatur.
3045 1077 3254 1182 Qid

851 1173 903 1252 fi
928 1172 1187 1250 mulier
1213 1169 1394 1246 dolo
1416 1169 1693 1266 fecerit,
1728 1196 1821 1248 ne
1853 1196 1969 1249 res
2000 1169 2358 1249 exstaret?
2419 1165 2548 1250 Ad
2585 1173 3088 1256 exhibendum
3137 1181 3256 1258 vel

852 1274 1099 1354 damni
1128 1273 1388 1352 iniuria
1420 1273 1566 1350 dati
1594 1273 1847 1378 agitur.
1912 1273 1962 1352 l.
1989 1299 2098 1369 37.
2128 1270 2298 1351 eod.
3160 1365 3176 1378 x

752 1375 829 1481 41
880 1376 1188 1458 Coniux
1240 1395 1540 1453 tenetur
1581 1375 1667 1456 in
1708 1395 1996 1454 tantum
2015 1428 2039 1468 ,
2103 1395 2464 1474 quantum
2511 1373 2956 1480 locupletior
3001 1377 3250 1462 faetus.

840 1481 981 1574 An
996 1500 1074 1554 et
1097 1501 1239 1584 pro
1270 1477 1547 1554 cultura
1576 1475 1853 1579 aliquid
1870 1475 2187 1582 repetit?
2237 1481 2351 1557 Eo
2365 1479 2736 1584 pertinere
2753 1477 3046 1558 videtur
3065 1482 3252 1590 frag-

842 1595 1181 1659 mentum
1210 1577 1258 1655 l.
1284 1605 1387 1674 14.
1427 1577 1521 1654 de
1550 1577 1801 1658 donat.
2583 1596 2598 1660 ζ

538 1704 737 1764 ιωειι
780 1707 983 1760 xvm.
1052 1707 1150 1758 DE
1201 1705 1571 1757 mvonTns
1622 1706 1717 1760 ετ
1776 1697 2020 1760 nons‘
2050 1703 2548 1762 REPET1T10NE.

638 1783 799 1863 Tit.
839 1787 896 1862 1.
946 1787 1066 1862 De
1094 1781 1437 1858 diuortiis
1464 1804 1541 1858 et
1568 1806 1645 1858 re
1700 1779 1913 1860 udiis.
2177 1827 2189 1836 ·

747 1885 823 1986 41
852 1888 1117 2066 jib-et
1142 1880 1405 1960 furiosa
1438 1907 1621 1988 repu
1678 1885 1835 1963 ium
1856 1886 2152 1963 mittere
2171 1884 2290 1964 vel
2315 1881 2678 1990 repudiari
2709 1889 3004 1989 potest?
3049 1901 3086 1938 ⁴
3108 1894 3252 1986 l.4.

902 2013 941 2061 e
1014 2004 1229 2062 mort.
2961 1997 2970 2013 ⁴

644 2086 809 2165 Tit.
860 2087 955 2165 11.
1000 2085 1265 2164 Soluto
1294 2079 1767 2158 matrimonio
1796 2077 1934 2158 dos
1969 2081 2603 2183 quemadmodum
2631 2107 3024 2189 repetatur.

756 2187 832 2289 41
888 2186 1165 2265 Dosih
1199 2208 1278 2261 re
1302 2178 1437 2258 fun
1488 2181 1637 2260 ‘bili
1664 2179 2060 2258 consistens
2103 2181 2476 2261 reddenda
2503 2210 2778 2279 annua,
2825 2187 3018 2266 bima
3041 2194 3254 2273 trima

810 2337 819 2346 ·
854 2289 1028 2372 die.,›
1100 2291 1229 2368 An
1254 2307 1405 2376 ,eon
1506 2305 1635 2360 nte
1686 2283 2164 2363 matrimonio
2207 2286 2606 2364 conuenire
2635 2283 2930 2390 poffunt
2965 2289 3060 2378 de
3089 2289 3256 2374 lon-

850 2393 1055 2499 giore
1090 2387 1258 2467 die?
1307 2412 1398 2464 an
1422 2385 1593 2491 post
1608 2383 2066 2463 diuortium?
2110 2385 2160 2463 1.
2195 2400 2288 2473 18.
2313 2385 2410 2465 de
2495 2385 2626 2473 ἃᾶ.
2661 2386 2822 2466 dot.
3199 2447 3211 2459 .

714 2571 719 2579 .
752 2495 829 2600 41
880 2498 956 2573 Si
982 2490 1197 2571 seruo
1223 2490 1303 2571 in
1331 2486 1588 2567 dotem
1634 2486 1813 2565 dato
1853 2508 2024 2566 ante
2067 2491 2362 2592 nuptias
2411 2516 2446 2567 a
2477 2488 2692 2593 iquid
2731 2490 3089 2573 donatum
3135 2498 3254 2579 vel

845 2598 1204 2700 legatum,
1252 2590 1391 2669 dos
1424 2589 1830 2695 ampliatur.
1878 2586 1934 2664 1.·
1959 2616 2087 2685 47.
2115 2588 2210 2666 de
2248 2592 2406 2669 iure
2443 2590 2603 2671 dot.
2855 2658 2862 2673 ‚

754 2698 832 2805 41
886 2700 965 2779 Si
994 2696 1253 2777 socero
1280 2694 1423 2771 dos
1447 2692 1647 2787 data,
1698 2711 1774 2767 et
1805 2687 2002 2767 solus
2031 2690 2246 2770 heres
2280 2692 2474 2773 filius
2517 2693 2826 2791 extistit,
2891 2694 3150 2779 dotem
3177 2703 3260 2784 in

848 2795 1409 2903 computatione
1438 2792 1857 2874 hereditatis
1888 2812 1968 2869 et
2000 2790 2352 2873 Falcidiae
2382 2796 2702 2892 ratione,
2749 2820 3103 2903 tanquam
3133 2826 3256 2883 aes

843 2895 1175 2980 ‘alienum
1200 2894 1523 2971 deducit.
1571 2894 1619 2971 1.
1651 2908 1747 2990 85.
1779 2891 1872 2969 ad
1910 2896 2002 2971 L.
2032 2891 2222 2973 Falc.

744 3004 821 3109 41
874 3004 947 3083 Si
976 3000 1243 3079 marito
1271 2995 1547 3075 iudicio
1590 2994 1896 3101 publico
1939 2990 2286 3072 damnato
2317 2996 2531 3077 fiscus
2570 3020 2852 3105 partem
2881 2998 3260 3086 bonorum

848 3128 1038 3183 occu
1132 3121 1199 3177 t:
1242 3097 1442 3175 idem
1470 3116 1547 3174 et
1573 3092 2216 3173 vxori'satisfiacere
2249 3096 2492 3175 debet.
2543 3100 2587 3178 l.
2613 3129 2694 3195 31·
2711 3098 2925 3177 solut.
2950 3126 3160 3183 matr.

748 3206 826 3311 41
875 3205 1035 3311 Qi
1114 3198 1165 3279 fi
1191 3198 1457 3279 marito
1482 3196 1803 3276 flandum
1834 3192 2164 3273 dotalem
2189 3225 2288 3279 m.
2314 3225 2382 3279 c.
2411 3224 2603 3277 vxor
2625 3200 3259 3296 donaueritfeum-

842 3332 999 3411 que
984 3324 1305 3485 ssgegeoet
1315 3356 1344 3397 ,
1390 3325 1485 3379 an
1502 3296 1875 3405 impensae
1914 3298 2403 3381 restituendae
2446 3302 2658 3381 viro?
2708 3303 2756 3381 l.
2785 3330 2892 3399 ¹4·
2913 3300 3014 3380 de
3039 3328 3262 3388 mort.

848 3430 983 3489 cau
1038 3464 1057 3484 .
1142 3428 1271 3481 on.

954 3512 1019 3609 [³⁶
1072 3510 1323 3587 Sumta
1349 3531 1437 3583 ex
1470 3500 1593 3583 hoc
1617 3502 1801 3585 libro
1831 3527 2130 3587 notatur
2159 3506 2213 3586 l.
2237 3533 2338 3584 ιο.
2369 3502 2461 3585 de
2487 3504 2634 3584 reb.
2647 3502 2836 3585 cred.
2865 3530 3090 3608 quae,
3115 3534 3260 3615 quo

1026 3608 1493 3713 pertinuerit,
1511 3632 1646 3683 non
1662 3608 1946 3713 liquem]
3084 3670 3098 3677 -

647 3714 815 3796 Tit.
859 3712 993 3793 111.
1046 3716 1163 3793 De
1186 3734 1389 3790 mora
1424 3728 1500 3786 et
1529 3709 2052 3789 retentionibus.

436 3820 463 3843 ⁸
554 3823 687 3904 Lm.
733 3844 889 3898 x1x.
935 3840 1033 3894 na
1078 3836 1324 3893 RERVM
1372 3830 1793 3889 AMOTARVM
1844 3833 2204 3905 Annona,
2247 3832 2548 3902 ,vx-:um
2611 3833 2692 3887 m
2737 3826 3254 3893 POSSESSmNEM

760 3942 968 4001 msso
1018 3942 1115 3996 ετ
1161 3936 1477 3991 AGNosc.
1524 3934 1659 3989 vm.
1706 3938 1823 3991 AL.
1868 3938 2002 3991 un.

655 4022 821 4103 Tit.
866 4022 927 4099 L
974 4020 1096 4102 De
1126 4012 1444 4115 Aetione
1468 4036 1715 4093 rerum
1742 4034 2176 4093 amotarum.

748 4124 827 4225 41
878 4122 999 4201 De
1032 4144 1119 4197 ea
1150 4142 1245 4193 ex
1277 4114 1617 4195 instituto
1643 4116 1880 4220 agitur
1898 4114 1947 4195 l.
1973 4142 2078 4195 22.
2105 4110 2200 4189 de
2231 4106 2364 4201 aet.
2396 4129 2533 4190 rer.
2560 4132 2786 4196 amot-
3035 4204 3043 4216 ,

654 4224 817 4307 Tit.
860 4224 959 4307 ΙΙ.
1008 4220 1085 4305 Si
1111 4216 1389 4303 ventris
1416 4220 1725 4301 nomine
1756 4240 1897 4301 etc.

876 4332 885 4339 ·
938 4385 947 4395 .
1106 4339 1111 4345 ·
1945 4316 2020 4397 D
2040 4308 2094 4394 d
2143 4310 2262 4429 dd
2307 4339 2350 4393 2
3029 4314 3106 4421 41
3153 4316 3270 4397 Eo
