<?xml version="1.0" encoding="UTF-8"?>
<!DOCTYPE html PUBLIC "-//W3C//DTD XHTML 1.0 Transitional//EN"
    "http://www.w3.org/TR/xhtml1/DTD/xhtml1-transitional.dtd">
<html xmlns="http://www.w3.org/1999/xhtml" xml:lang="en" lang="en">
 <head>
  <title>
</title>
<meta http-equiv="Content-Type" content="text/html;charset=utf-8" />
  <meta name='ocr-system' content='tesseract 3.04.00' />
  <meta name='ocr-capabilities' content='ocr_page ocr_carea ocr_par ocr_line ocrx_word'/>
</head>
<body>
  <div class='ocr_page' id='page_1' title='image "./iogottlheinecci00heingoog/iogottlheinecci00heingoog_0930.png"; bbox 0 0 3825 4800; ppageno 0'>
   <div class='ocr_carea' id='block_1_1' title="bbox 345 325 3121 504">
    <p class='ocr_par' dir='ltr' id='par_1_1' title="bbox 345 325 3121 504">
     <span class='ocr_line' id='line_1_1' title="bbox 345 325 3121 504; baseline -0.004 -26"><span class='ocrx_word' id='word_1_1' title='bbox 345 372 360 382; x_wconf 79' lang='grc'><em>”</em></span> <span class='ocrx_word' id='word_1_2' title='bbox 517 355 1056 504; x_wconf 67' lang='lat' dir='ltr'>Lvoovrct</span> <span class='ocrx_word' id='word_1_3' title='bbox 1106 387 1710 474; x_wconf 64' lang='lat' dir='ltr'>Gemma</span> <span class='ocrx_word' id='word_1_4' title='bbox 1755 388 2185 478; x_wconf 66' lang='lat' dir='ltr'>rns‘ron</span> <span class='ocrx_word' id='word_1_5' title='bbox 2244 387 2942 474; x_wconf 72' lang='lat' dir='ltr'>1LLvs‘rRANs..</span> <span class='ocrx_word' id='word_1_6' title='bbox 2994 325 3121 488; x_wconf 53' lang='lat'>941</span> 
     </span>
    </p>
   </div>
   <div class='ocr_carea' id='block_1_2' title="bbox 1636 549 1866 656">
    <p class='ocr_par' dir='ltr' id='par_1_2' title="bbox 1636 549 1866 656">
     <span class='ocr_line' id='line_1_2' title="bbox 1636 549 1866 656; baseline -0.009 -1"><span class='ocrx_word' id='word_1_7' title='bbox 1636 549 1866 656; x_wconf 72' lang='lat' dir='ltr'>xm.</span> 
     </span>
    </p>
   </div>
   <div class='ocr_carea' id='block_1_3' title="bbox 414 699 3159 966">
    <p class='ocr_par' dir='ltr' id='par_1_3' title="bbox 414 699 3159 966">
     <span class='ocr_line' id='line_1_3' title="bbox 414 699 3159 810; baseline -0.002 -28"><span class='ocrx_word' id='word_1_8' title='bbox 414 702 754 810; x_wconf 75' lang='lat' dir='ltr'>Dt&#39;plomae</span> <span class='ocrx_word' id='word_1_9' title='bbox 781 702 1118 782; x_wconf 72' lang='lat' dir='ltr'>Ladonica·</span> <span class='ocrx_word' id='word_1_10' title='bbox 1149 703 1556 786; x_wconf 67' lang='lat' dir='ltr'>Gemanica·</span> <span class='ocrx_word' id='word_1_11' title='bbox 1569 702 2135 810; x_wconf 68' lang='lat' dir='ltr'>Paednbommfi</span> <span class='ocrx_word' id='word_1_12' title='bbox 2156 705 2356 808; x_wconf 83' lang='lat' dir='ltr'>apud</span> <span class='ocrx_word' id='word_1_13' title='bbox 2368 699 2949 804; x_wconf 54' lang='lat' dir='ltr'>Schatendhicap.</span> <span class='ocrx_word' id='word_1_14' title='bbox 2965 720 3117 792; x_wconf 82' lang='lat'>149.</span> <span class='ocrx_word' id='word_1_15' title='bbox 3150 723 3159 734; x_wconf 94' lang='lat'><strong>·</strong></span> 
     </span>
     <span class='ocr_line' id='line_1_4' title="bbox 613 805 2569 966; baseline 0.001 -86"><span class='ocrx_word' id='word_1_16' title='bbox 613 825 690 882; x_wconf 85' lang='lat' dir='ltr'>et</span> <span class='ocrx_word' id='word_1_17' title='bbox 719 805 1053 908; x_wconf 80' lang='lat' dir='ltr'>Coming.</span> <span class='ocrx_word' id='word_1_18' title='bbox 1091 805 1381 966; x_wconf 40' lang='lat' dir='ltr'>Cezsttr.</span> <span class='ocrx_word' id='word_1_19' title='bbox 1410 808 1722 914; x_wconf 84' lang='lat' dir='ltr'>DipIom.</span> <span class='ocrx_word' id='word_1_20' title='bbox 1750 807 2015 888; x_wconf 84' lang='lat' dir='ltr'><em>Ludou.</em></span> <span class='ocrx_word' id='word_1_21' title='bbox 2044 809 2212 911; x_wconf 84' lang='lat' dir='ltr'>Cap.</span> <span class='ocrx_word' id='word_1_22' title='bbox 2226 809 2273 883; x_wconf 90' lang='lat' dir='ltr'><em>I</em></span> <span class='ocrx_word' id='word_1_23' title='bbox 2274 809 2349 885; x_wconf 81' lang='lat' dir='ltr'>V.</span> <span class='ocrx_word' id='word_1_24' title='bbox 2362 827 2442 912; x_wconf 83' lang='lat' dir='ltr'>p.</span> <span class='ocrx_word' id='word_1_25' title='bbox 2458 829 2569 901; x_wconf 68' lang='lat'>²7⁴</span> 
     </span>
    </p>
   </div>
   <div class='ocr_carea' id='block_1_4' title="bbox 411 985 3135 1804">
    <p class='ocr_par' dir='ltr' id='par_1_4' title="bbox 685 985 1979 1072">
     <span class='ocr_line' id='line_1_5' title="bbox 685 985 1979 1072; baseline 0.004 -26"><span class='ocrx_word' id='word_1_26' title='bbox 685 1039 692 1046; x_wconf 92' lang='lat'><em>.</em></span> <span class='ocrx_word' id='word_1_27' title='bbox 813 1053 824 1066; x_wconf 60' lang='grc'><strong>,</strong></span> <span class='ocrx_word' id='word_1_28' title='bbox 1587 997 1766 1052; x_wconf 75' lang='lat' dir='ltr'>ANN.</span> <span class='ocrx_word' id='word_1_29' title='bbox 1827 985 1979 1072; x_wconf 82' lang='lat'>859.</span> 
     </span>
    </p>

    <p class='ocr_par' dir='ltr' id='par_1_5' title="bbox 411 1085 3121 1230">
     <span class='ocr_line' id='line_1_6' title="bbox 411 1085 3121 1230; baseline -0.003 -60"><span class='ocrx_word' id='word_1_30' title='bbox 411 1095 548 1230; x_wconf 75' lang='lat' dir='ltr'>1=n</span> <span class='ocrx_word' id='word_1_31' title='bbox 595 1092 900 1171; x_wconf 89' lang='lat' dir='ltr'>nomine</span> <span class='ocrx_word' id='word_1_32' title='bbox 951 1089 1250 1173; x_wconf 63' lang='lat' dir='ltr'>Sanane</span> <span class='ocrx_word' id='word_1_33' title='bbox 1279 1115 1357 1172; x_wconf 88' lang='lat' dir='ltr'>et</span> <span class='ocrx_word' id='word_1_34' title='bbox 1393 1095 1834 1174; x_wconf 77' lang='lat' dir='ltr'>Indiuiduae</span> <span class='ocrx_word' id='word_1_35' title='bbox 1873 1095 2289 1175; x_wconf 77' lang='lat' dir='ltr'>Trinitatis·</span> <span class='ocrx_word' id='word_1_36' title='bbox 2392 1092 2825 1175; x_wconf 85' lang='lat' dir='ltr'>Ludouicus</span> <span class='ocrx_word' id='word_1_37' title='bbox 2866 1085 3121 1165; x_wconf 70' lang='lat' dir='ltr'>diuina</span> 
     </span>
    </p>

    <p class='ocr_par' dir='ltr' id='par_1_6' title="bbox 413 1187 3135 1804">
     <span class='ocr_line' id='line_1_7' title="bbox 511 1187 3129 1298; baseline -0.002 -26"><span class='ocrx_word' id='word_1_38' title='bbox 511 1191 810 1272; x_wconf 83' lang='lat' dir='ltr'>fauente</span> <span class='ocrx_word' id='word_1_39' title='bbox 835 1194 1056 1298; x_wconf 79' lang='lat' dir='ltr'>gratia</span> <span class='ocrx_word' id='word_1_40' title='bbox 1079 1197 1264 1273; x_wconf 82' lang='lat' dir='ltr'>Rex.</span> <span class='ocrx_word' id='word_1_41' title='bbox 1363 1195 1440 1274; x_wconf 85' lang='lat' dir='ltr'>si</span> <span class='ocrx_word' id='word_1_42' title='bbox 1477 1196 1916 1276; x_wconf 75' lang='lat' dir='ltr'>liberalitatis</span> <span class='ocrx_word' id='word_1_43' title='bbox 1949 1199 2235 1276; x_wconf 86' lang='lat' dir='ltr'>nostrae</span> <span class='ocrx_word' id='word_1_44' title='bbox 2275 1219 2579 1274; x_wconf 89' lang='lat' dir='ltr'>munere</span> <span class='ocrx_word' id='word_1_45' title='bbox 2604 1195 2763 1272; x_wconf 89' lang='lat' dir='ltr'>loca</span> <span class='ocrx_word' id='word_1_46' title='bbox 2803 1195 2975 1268; x_wconf 89' lang='lat' dir='ltr'>Deo</span> <span class='ocrx_word' id='word_1_47' title='bbox 3006 1187 3129 1266; x_wconf 83' lang='lat' dir='ltr'>di-.</span> 
     </span>
     <span class='ocr_line' id='line_1_8' title="bbox 413 1287 3135 1416; baseline -0.003 -42"><span class='ocrx_word' id='word_1_48' title='bbox 413 1315 568 1374; x_wconf 85' lang='lat' dir='ltr'>cata</span> <span class='ocrx_word' id='word_1_49' title='bbox 595 1317 674 1372; x_wconf 91' lang='lat' dir='ltr'>et</span> <span class='ocrx_word' id='word_1_50' title='bbox 701 1293 1144 1372; x_wconf 85' lang='lat' dir='ltr'>neceffitates</span> <span class='ocrx_word' id='word_1_51' title='bbox 1177 1295 1687 1378; x_wconf 75' lang='lat' dir='ltr'>Ecclefiasticas</span> <span class='ocrx_word' id='word_1_52' title='bbox 1715 1323 1850 1402; x_wconf 92' lang='lat' dir='ltr'>per</span> <span class='ocrx_word' id='word_1_53' title='bbox 1877 1301 2275 1416; x_wconf 85' lang='lat' dir='ltr'><strong>petitiones</strong></span> <span class='ocrx_word' id='word_1_54' title='bbox 2306 1295 2750 1404; x_wconf 84' lang='lat' dir='ltr'>pontificum</span> <span class='ocrx_word' id='word_1_55' title='bbox 2778 1313 3001 1394; x_wconf 88' lang='lat' dir='ltr'>atque</span> <span class='ocrx_word' id='word_1_56' title='bbox 3016 1287 3135 1366; x_wconf 68' lang='lat' dir='ltr'>fit·-</span> 
     </span>
     <span class='ocr_line' id='line_1_9' title="bbox 413 1391 3123 1503; baseline -0.004 -27"><span class='ocrx_word' id='word_1_57' title='bbox 413 1396 801 1476; x_wconf 77' lang='lat' dir='ltr'>cerdotum</span> <span class='ocrx_word' id='word_1_58' title='bbox 848 1398 1102 1474; x_wconf 76' lang='lat' dir='ltr'>nostro</span> <span class='ocrx_word' id='word_1_59' title='bbox 1143 1397 1560 1479; x_wconf 76' lang='lat' dir='ltr'>releuamus</span> <span class='ocrx_word' id='word_1_60' title='bbox 1597 1401 2047 1495; x_wconf 78' lang='lat' dir='ltr'>munimine,</span> <span class='ocrx_word' id='word_1_61' title='bbox 2096 1421 2319 1503; x_wconf 86' lang='lat' dir='ltr'>atque</span> <span class='ocrx_word' id='word_1_62' title='bbox 2358 1405 2686 1478; x_wconf 82' lang='lat' dir='ltr'>tutemur</span> <span class='ocrx_word' id='word_1_63' title='bbox 2723 1391 3123 1482; x_wconf 88' lang='lat' dir='ltr'>iuuamine‚</span> 
     </span>
     <span class='ocr_line' id='line_1_10' title="bbox 415 1491 3123 1617; baseline -0.005 -37"><span class='ocrx_word' id='word_1_64' title='bbox 415 1499 498 1580; x_wconf 87' lang='lat' dir='ltr'>id</span> <span class='ocrx_word' id='word_1_65' title='bbox 520 1498 738 1578; x_wconf 87' lang='lat' dir='ltr'>nobis</span> <span class='ocrx_word' id='word_1_66' title='bbox 767 1519 846 1575; x_wconf 86' lang='lat' dir='ltr'>et</span> <span class='ocrx_word' id='word_1_67' title='bbox 875 1499 966 1576; x_wconf 86' lang='lat' dir='ltr'>ad</span> <span class='ocrx_word' id='word_1_68' title='bbox 996 1497 1385 1576; x_wconf 82' lang='lat' dir='ltr'>mortalem</span> <span class='ocrx_word' id='word_1_69' title='bbox 1416 1501 1642 1578; x_wconf 88' lang='lat' dir='ltr'>vitam</span> <span class='ocrx_word' id='word_1_70' title='bbox 1667 1501 2173 1617; x_wconf 79' lang='lat' dir='ltr'>temporaliter</span> <span class='ocrx_word' id='word_1_71' title='bbox 2198 1499 2757 1604; x_wconf 79' lang='lat' dir='ltr'>tranfigendam,</span> <span class='ocrx_word' id='word_1_72' title='bbox 2790 1515 2868 1572; x_wconf 92' lang='lat' dir='ltr'>et</span> <span class='ocrx_word' id='word_1_73' title='bbox 2890 1491 2983 1570; x_wconf 88' lang='lat' dir='ltr'>ad</span> <span class='ocrx_word' id='word_1_74' title='bbox 2998 1515 3123 1568; x_wconf 87' lang='lat' dir='ltr'>ae-</span> 
     </span>
     <span class='ocr_line' id='line_1_11' title="bbox 413 1599 3127 1705; baseline -0.004 -27"><span class='ocrx_word' id='word_1_75' title='bbox 413 1623 696 1678; x_wconf 82' lang='lat' dir='ltr'><strong>ternam</strong></span> <span class='ocrx_word' id='word_1_76' title='bbox 745 1599 1228 1678; x_wconf 89' lang='lat' dir='ltr'>obtinendam</span> <span class='ocrx_word' id='word_1_77' title='bbox 1270 1600 1740 1704; x_wconf 76' lang='lat' dir='ltr'>profilturum</span> <span class='ocrx_word' id='word_1_78' title='bbox 1789 1601 2081 1705; x_wconf 80' lang='lat' dir='ltr'>liquido</span> <span class='ocrx_word' id='word_1_79' title='bbox 2124 1601 2515 1680; x_wconf 77' lang='lat' dir='ltr'>credimus·</span> <span class='ocrx_word' id='word_1_80' title='bbox 2640 1601 2809 1697; x_wconf 88' lang='lat' dir='ltr'>Qua</span> <span class='ocrx_word' id='word_1_81' title='bbox 2868 1611 3127 1698; x_wconf 87' lang='lat' dir='ltr'>ropter</span> 
     </span>
     <span class='ocr_line' id='line_1_12' title="bbox 415 1693 3123 1804; baseline -0.004 -24"><span class='ocrx_word' id='word_1_82' title='bbox 415 1701 713 1780; x_wconf 86' lang='lat' dir='ltr'>nouerit</span> <span class='ocrx_word' id='word_1_83' title='bbox 741 1699 1104 1804; x_wconf 81' lang='lat' dir='ltr'>sagacitas,</span> <span class='ocrx_word' id='word_1_84' title='bbox 1138 1700 1266 1778; x_wconf 91' lang='lat' dir='ltr'>seu</span> <span class='ocrx_word' id='word_1_85' title='bbox 1299 1703 1560 1782; x_wconf 81' lang='lat' dir='ltr'>vtilitas</span> <span class='ocrx_word' id='word_1_86' title='bbox 1599 1703 1940 1780; x_wconf 86' lang='lat' dir='ltr'>omnium</span> <span class='ocrx_word' id='word_1_87' title='bbox 1976 1703 2307 1780; x_wconf 85' lang='lat' dir='ltr'>fidelium</span> <span class='ocrx_word' id='word_1_88' title='bbox 2356 1701 2653 1782; x_wconf 61' lang='lat' dir='ltr'>sanstae</span> <span class='ocrx_word' id='word_1_89' title='bbox 2686 1703 2829 1776; x_wconf 78' lang='lat' dir='ltr'>Dei</span> <span class='ocrx_word' id='word_1_90' title='bbox 2868 1693 3123 1772; x_wconf 81' lang='lat' dir='ltr'>Eccle-</span> 
     </span>
    </p>
   </div>
   <div class='ocr_carea' id='block_1_5' title="bbox 257 1798 3123 1906">
    <p class='ocr_par' dir='ltr' id='par_1_7' title="bbox 257 1798 3123 1906">
     <span class='ocr_line' id='line_1_13' title="bbox 257 1798 3123 1906; baseline -0.005 -23"><span class='ocrx_word' id='word_1_91' title='bbox 257 1817 266 1822; x_wconf 82' lang='grc'><em>“</em></span> <span class='ocrx_word' id='word_1_92' title='bbox 415 1803 552 1882; x_wconf 86' lang='lat' dir='ltr'>fiae</span> <span class='ocrx_word' id='word_1_93' title='bbox 580 1802 1154 1905; x_wconf 83' lang='lat' dir='ltr'>nostrorumque</span> <span class='ocrx_word' id='word_1_94' title='bbox 1181 1825 1329 1882; x_wconf 86' lang='lat' dir='ltr'>tam</span> <span class='ocrx_word' id='word_1_95' title='bbox 1413 1802 1884 1896; x_wconf 67' lang='lat' dir='ltr'>raesentium5</span> <span class='ocrx_word' id='word_1_96' title='bbox 1913 1829 2139 1906; x_wconf 87' lang='lat' dir='ltr'>quam</span> <span class='ocrx_word' id='word_1_97' title='bbox 2168 1805 2591 1882; x_wconf 85' lang='lat' dir='ltr'>futurorum</span> <span class='ocrx_word' id='word_1_98' title='bbox 2606 1855 2631 1895; x_wconf 88' lang='lat'>‚</span> <span class='ocrx_word' id='word_1_99' title='bbox 2656 1798 2967 1902; x_wconf 80' lang='lat' dir='ltr'>qualiter</span> <span class='ocrx_word' id='word_1_100' title='bbox 2988 1817 3123 1872; x_wconf 82' lang='lat' dir='ltr'>ve-</span> 
     </span>
    </p>
   </div>
   <div class='ocr_carea' id='block_1_6' title="bbox 325 1897 3251 4413">
    <p class='ocr_par' dir='ltr' id='par_1_8' title="bbox 325 1897 3225 2793">
     <span class='ocr_line' id='line_1_14' title="bbox 325 1897 3125 2008; baseline -0.004 -26"><span class='ocrx_word' id='word_1_101' title='bbox 325 1913 332 1920; x_wconf 83' lang='grc'><em>’</em></span> <span class='ocrx_word' id='word_1_102' title='bbox 413 1901 748 1982; x_wconf 86' lang='lat' dir='ltr'>nerabilis</span> <span class='ocrx_word' id='word_1_103' title='bbox 779 1903 1187 2008; x_wconf 85' lang='lat' dir='ltr'>Episcopus.</span> <span class='ocrx_word' id='word_1_104' title='bbox 1223 1903 1372 1981; x_wconf 91' lang='lat' dir='ltr'>fide</span> <span class='ocrx_word' id='word_1_105' title='bbox 1397 1904 1614 2008; x_wconf 89' lang='lat' dir='ltr'>isque</span> <span class='ocrx_word' id='word_1_106' title='bbox 1651 1905 1906 1982; x_wconf 88' lang='lat' dir='ltr'>noster</span> <span class='ocrx_word' id='word_1_107' title='bbox 1934 1905 2383 1986; x_wconf 86' lang='lat' dir='ltr'>Batheradus</span> <span class='ocrx_word' id='word_1_108' title='bbox 2430 1902 2774 1993; x_wconf 89' lang='lat' dir='ltr'>nomine,</span> <span class='ocrx_word' id='word_1_109' title='bbox 2816 1897 3125 1974; x_wconf 76' lang='lat' dir='ltr'>veniens</span> 
     </span>
     <span class='ocr_line' id='line_1_15' title="bbox 413 2001 3125 2109; baseline -0.004 -27"><span class='ocrx_word' id='word_1_110' title='bbox 413 2005 494 2083; x_wconf 90' lang='lat' dir='ltr'>in</span> <span class='ocrx_word' id='word_1_111' title='bbox 523 2029 914 2109; x_wconf 89' lang='lat' dir='ltr'>procerum</span> <span class='ocrx_word' id='word_1_112' title='bbox 944 2007 1366 2082; x_wconf 85' lang='lat' dir='ltr'>nostrorum</span> <span class='ocrx_word' id='word_1_113' title='bbox 1397 2005 1862 2108; x_wconf 84' lang='lat' dir='ltr'>praesentiam</span> <span class='ocrx_word' id='word_1_114' title='bbox 1891 2007 2165 2085; x_wconf 91' lang='lat' dir='ltr'>obtulit</span> <span class='ocrx_word' id='word_1_115' title='bbox 2193 2007 2575 2084; x_wconf 88' lang='lat' dir='ltr'>obtutibus</span> <span class='ocrx_word' id='word_1_116' title='bbox 2604 2001 2872 2080; x_wconf 84' lang='lat' dir='ltr'>nostris</span> <span class='ocrx_word' id='word_1_117' title='bbox 2913 2020 3125 2102; x_wconf 88' lang='lat' dir='ltr'>prae-</span> 
     </span>
     <span class='ocr_line' id='line_1_16' title="bbox 417 2102 3124 2210; baseline -0.004 -28"><span class='ocrx_word' id='word_1_118' title='bbox 417 2127 722 2210; x_wconf 83' lang='lat' dir='ltr'>ceptum</span> <span class='ocrx_word' id='word_1_119' title='bbox 755 2107 1062 2184; x_wconf 80' lang='lat' dir='ltr'><strong>Domini</strong></span> <span class='ocrx_word' id='word_1_120' title='bbox 1101 2131 1188 2183; x_wconf 92' lang='lat' dir='ltr'>ac</span> <span class='ocrx_word' id='word_1_121' title='bbox 1275 2107 1576 2184; x_wconf 86' lang='lat' dir='ltr'>enitoris</span> <span class='ocrx_word' id='word_1_122' title='bbox 1620 2107 1850 2186; x_wconf 88' lang='lat' dir='ltr'>nostri</span> <span class='ocrx_word' id='word_1_123' title='bbox 1876 2107 2308 2186; x_wconf 85' lang='lat' dir='ltr'>Ludouuici</span> <span class='ocrx_word' id='word_1_124' title='bbox 2325 2158 2350 2201; x_wconf 84' lang='lat'>,</span> <span class='ocrx_word' id='word_1_125' title='bbox 2394 2102 2831 2186; x_wconf 84' lang='lat' dir='ltr'>Sereniffimi</span> <span class='ocrx_word' id='word_1_126' title='bbox 2872 2103 3124 2200; x_wconf 83' lang='lat' dir='ltr'>Impe-</span> 
     </span>
     <span class='ocr_line' id='line_1_17' title="bbox 415 2133 3121 2314; baseline -0.004 -29"><span class='ocrx_word' id='word_1_127' title='bbox 415 2207 710 2299; x_wconf 79' lang='lat' dir='ltr'>ratoriS,</span> <span class='ocrx_word' id='word_1_128' title='bbox 758 2207 970 2310; x_wconf 90' lang='lat' dir='ltr'>quod</span> <span class='ocrx_word' id='word_1_129' title='bbox 1012 2205 1164 2310; x_wconf 91' lang='lat' dir='ltr'>ipse</span> <span class='ocrx_word' id='word_1_130' title='bbox 1207 2133 1442 2285; x_wconf 56' lang='lat' dir='ltr'>geere</span> <span class='ocrx_word' id='word_1_131' title='bbox 1485 2207 1676 2286; x_wconf 84' lang='lat' dir='ltr'>iuflit</span> <span class='ocrx_word' id='word_1_132' title='bbox 1703 2233 1836 2312; x_wconf 90' lang='lat' dir='ltr'>per</span> <span class='ocrx_word' id='word_1_133' title='bbox 1879 2211 2325 2314; x_wconf 70' lang='lat' dir='ltr'>petitionem</span> <span class='ocrx_word' id='word_1_134' title='bbox 2360 2205 2664 2312; x_wconf 84' lang='lat' dir='ltr'>praefati</span> <span class='ocrx_word' id='word_1_135' title='bbox 2692 2197 3121 2280; x_wconf 83' lang='lat' dir='ltr'>venerabilis</span> 
     </span>
     <span class='ocr_line' id='line_1_18' title="bbox 413 2299 3121 2413; baseline -0.006 -23"><span class='ocrx_word' id='word_1_136' title='bbox 413 2307 768 2413; x_wconf 74' lang='lat' dir='ltr'>Episcopi.</span> <span class='ocrx_word' id='word_1_137' title='bbox 785 2307 878 2384; x_wconf 83' lang='lat' dir='ltr'>ad</span> <span class='ocrx_word' id='word_1_138' title='bbox 899 2307 1172 2404; x_wconf 86' lang='lat' dir='ltr'>locum,</span> <span class='ocrx_word' id='word_1_139' title='bbox 1198 2306 1334 2413; x_wconf 87' lang='lat' dir='ltr'>qui</span> <span class='ocrx_word' id='word_1_140' title='bbox 1359 2331 1666 2389; x_wconf 86' lang='lat' dir='ltr'>vocatur</span> <span class='ocrx_word' id='word_1_141' title='bbox 1703 2309 2305 2407; x_wconf 60' lang='lat' dir='ltr'>patherbrunne,</span> <span class='ocrx_word' id='word_1_142' title='bbox 2334 2305 2831 2388; x_wconf 65' lang='lat' dir='ltr'>constr-naum</span> <span class='ocrx_word' id='word_1_143' title='bbox 2864 2303 2941 2378; x_wconf 90' lang='lat' dir='ltr'>in</span> <span class='ocrx_word' id='word_1_144' title='bbox 2980 2299 3121 2376; x_wconf 87' lang='lat' dir='ltr'>ho·</span> 
     </span>
     <span class='ocr_line' id='line_1_19' title="bbox 413 2403 3133 2517; baseline -0.002 -28"><span class='ocrx_word' id='word_1_145' title='bbox 413 2434 602 2489; x_wconf 91' lang='lat' dir='ltr'>nore</span> <span class='ocrx_word' id='word_1_146' title='bbox 627 2410 922 2487; x_wconf 61' lang='lat' dir='ltr'>Sanciae</span> <span class='ocrx_word' id='word_1_147' title='bbox 951 2411 1218 2489; x_wconf 87' lang='lat' dir='ltr'>Mariae</span> <span class='ocrx_word' id='word_1_148' title='bbox 1255 2403 1542 2517; x_wconf 86' lang='lat' dir='ltr'>semper</span> <span class='ocrx_word' id='word_1_149' title='bbox 1577 2413 1914 2515; x_wconf 84' lang='lat' dir='ltr'>Virginis·</span> <span class='ocrx_word' id='word_1_150' title='bbox 1927 2436 2005 2490; x_wconf 91' lang='lat' dir='ltr'>et</span> <span class='ocrx_word' id='word_1_151' title='bbox 2024 2411 2237 2491; x_wconf 62' lang='lat' dir='ltr'>sancii</span> <span class='ocrx_word' id='word_1_152' title='bbox 2262 2411 2555 2502; x_wconf 88' lang='lat' dir='ltr'>Kiliani,</span> <span class='ocrx_word' id='word_1_153' title='bbox 2588 2406 2867 2506; x_wconf 61' lang='lat' dir='ltr'>iri-«quo</span> <span class='ocrx_word' id='word_1_154' title='bbox 2908 2424 3133 2507; x_wconf 78' lang='lat' dir='ltr'>prae·.</span> 
     </span>
     <span class='ocr_line' id='line_1_20' title="bbox 415 2504 3122 2617; baseline -0.003 -29"><span class='ocrx_word' id='word_1_155' title='bbox 415 2532 643 2617; x_wconf 89' lang='lat' dir='ltr'>cepto</span> <span class='ocrx_word' id='word_1_156' title='bbox 669 2510 1178 2589; x_wconf 79' lang='lat' dir='ltr'>continebatur</span> <span class='ocrx_word' id='word_1_157' title='bbox 1205 2514 1630 2591; x_wconf 86' lang='lat' dir='ltr'>immunitas</span> <span class='ocrx_word' id='word_1_158' title='bbox 1649 2538 1878 2616; x_wconf 90' lang='lat' dir='ltr'>atque</span> <span class='ocrx_word' id='word_1_159' title='bbox 1903 2506 2231 2591; x_wconf 75' lang='lat' dir='ltr'>defensio</span> <span class='ocrx_word' id='word_1_160' title='bbox 2258 2508 2383 2591; x_wconf 91' lang='lat' dir='ltr'>seu</span> <span class='ocrx_word' id='word_1_161' title='bbox 2408 2509 2634 2589; x_wconf 89' lang='lat' dir='ltr'>tuitio</span> <span class='ocrx_word' id='word_1_162' title='bbox 2658 2504 2946 2583; x_wconf 89' lang='lat' dir='ltr'>domini</span> <span class='ocrx_word' id='word_1_163' title='bbox 2968 2504 3122 2581; x_wconf 87' lang='lat' dir='ltr'>Im·</span> 
     </span>
     <span class='ocr_line' id='line_1_21' title="bbox 412 2606 3225 2793; baseline -0.003 -104"><span class='ocrx_word' id='word_1_164' title='bbox 412 2611 805 2793; x_wconf 58' lang='lat' dir='ltr'>petitoris,</span> <span class='ocrx_word' id='word_1_165' title='bbox 836 2612 1187 2715; x_wconf 79' lang='lat' dir='ltr'>genitoris</span> <span class='ocrx_word' id='word_1_166' title='bbox 1215 2616 1446 2692; x_wconf 86' lang='lat' dir='ltr'>nostri</span> <span class='ocrx_word' id='word_1_167' title='bbox 1475 2614 1680 2719; x_wconf 88' lang='lat' dir='ltr'>supra</span> <span class='ocrx_word' id='word_1_168' title='bbox 1718 2613 2165 2718; x_wconf 65' lang='lat' dir='ltr'>praedistum</span> <span class='ocrx_word' id='word_1_169' title='bbox 2194 2614 2484 2708; x_wconf 81' lang='lat' dir='ltr'>locum,</span> <span class='ocrx_word' id='word_1_170' title='bbox 2516 2609 2640 2688; x_wconf 90' lang='lat' dir='ltr'>sed</span> <span class='ocrx_word' id='word_1_171' title='bbox 2672 2632 2813 2713; x_wconf 86' lang='lat' dir='ltr'>pro</span> <span class='ocrx_word' id='word_1_172' title='bbox 2842 2606 3123 2709; x_wconf 79' lang='lat' dir='ltr'>integra</span> <span class='ocrx_word' id='word_1_173' title='bbox 3215 2700 3225 2713; x_wconf 62' lang='lat'><strong><em>„</em></strong></span> 
     </span>
    </p>

    <p class='ocr_par' dir='ltr' id='par_1_9' title="bbox 361 2708 3251 4413">
     <span class='ocr_line' id='line_1_22' title="bbox 361 2708 3122 2821; baseline -0.004 -28"><span class='ocrx_word' id='word_1_174' title='bbox 361 2748 368 2756; x_wconf 94' lang='lat'><strong>·</strong></span> <span class='ocrx_word' id='word_1_175' title='bbox 467 2716 760 2793; x_wconf 81' lang='lat' dir='ltr'>rmitate</span> <span class='ocrx_word' id='word_1_176' title='bbox 783 2738 866 2790; x_wconf 89' lang='lat' dir='ltr'>ac</span> <span class='ocrx_word' id='word_1_177' title='bbox 889 2712 1280 2793; x_wconf 86' lang='lat' dir='ltr'>securitatis</span> <span class='ocrx_word' id='word_1_178' title='bbox 1311 2715 1562 2793; x_wconf 87' lang='lat' dir='ltr'>studio</span> <span class='ocrx_word' id='word_1_179' title='bbox 1606 2714 1967 2821; x_wconf 83' lang='lat' dir='ltr'>praefatus</span> <span class='ocrx_word' id='word_1_180' title='bbox 1996 2716 2425 2794; x_wconf 71' lang='lat' dir='ltr'>venerabilis</span> <span class='ocrx_word' id='word_1_181' title='bbox 2468 2710 2875 2815; x_wconf 81' lang='lat' dir='ltr'>Episcopus</span> <span class='ocrx_word' id='word_1_182' title='bbox 2906 2708 3122 2785; x_wconf 87' lang='lat' dir='ltr'>Bate·-</span> 
     </span>
     <span class='ocr_line' id='line_1_23' title="bbox 413 2804 3119 2919; baseline -0.006 -22"><span class='ocrx_word' id='word_1_183' title='bbox 413 2814 1098 2917; x_wconf 68' lang='lat' dir='ltr'>radus„depreoetus</span> <span class='ocrx_word' id='word_1_184' title='bbox 1141 2818 1248 2893; x_wconf 91' lang='lat' dir='ltr'>est</span> <span class='ocrx_word' id='word_1_185' title='bbox 1288 2816 1926 2897; x_wconf 84' lang='lat' dir='ltr'>mansuetudinem</span> <span class='ocrx_word' id='word_1_186' title='bbox 1954 2820 2313 2912; x_wconf 86' lang='lat' dir='ltr'>nostram,</span> <span class='ocrx_word' id='word_1_187' title='bbox 2342 2838 2425 2895; x_wconf 80' lang='lat' dir='ltr'>vt</span> <span class='ocrx_word' id='word_1_188' title='bbox 2466 2814 2708 2919; x_wconf 80' lang='lat' dir='ltr'>ipsam·-</span> <span class='ocrx_word' id='word_1_189' title='bbox 2752 2804 3119 2891; x_wconf 61' lang='lat' dir='ltr'>defensio-</span> 
     </span>
     <span class='ocr_line' id='line_1_24' title="bbox 413 2917 3118 3035; baseline -0.005 -40"><span class='ocrx_word' id='word_1_190' title='bbox 413 2942 591 2995; x_wconf 88' lang='lat' dir='ltr'>nem</span> <span class='ocrx_word' id='word_1_191' title='bbox 619 2940 704 2993; x_wconf 86' lang='lat' dir='ltr'>ac</span> <span class='ocrx_word' id='word_1_192' title='bbox 728 2917 1124 2995; x_wconf 84' lang='lat' dir='ltr'>tuitionem</span> <span class='ocrx_word' id='word_1_193' title='bbox 1157 2943 1290 3019; x_wconf 91' lang='lat' dir='ltr'>per</span> <span class='ocrx_word' id='word_1_194' title='bbox 1315 2920 1598 2995; x_wconf 88' lang='lat' dir='ltr'>nostrae</span> <span class='ocrx_word' id='word_1_195' title='bbox 1629 2918 2197 3013; x_wconf 85' lang='lat' dir='ltr'>mansuetudinis</span> <span class='ocrx_word' id='word_1_196' title='bbox 2242 2942 2501 3035; x_wconf 88' lang='lat' dir='ltr'>praece</span> <span class='ocrx_word' id='word_1_197' title='bbox 2556 2936 2719 2991; x_wconf 87' lang='lat' dir='ltr'>tum</span> <span class='ocrx_word' id='word_1_198' title='bbox 2758 2932 3118 2989; x_wconf 85' lang='lat' dir='ltr'>renouare</span> 
     </span>
     <span class='ocr_line' id='line_1_25' title="bbox 415 3008 3125 3123; baseline -0.004 -27"><span class='ocrx_word' id='word_1_199' title='bbox 415 3018 916 3122; x_wconf 84' lang='lat' dir='ltr'>dignaremur,</span> <span class='ocrx_word' id='word_1_200' title='bbox 951 3018 1158 3095; x_wconf 89' lang='lat' dir='ltr'>cuius</span> <span class='ocrx_word' id='word_1_201' title='bbox 1189 3020 1534 3123; x_wconf 90' lang='lat' dir='ltr'>petitioni</span> <span class='ocrx_word' id='word_1_202' title='bbox 1567 3020 1668 3095; x_wconf 92' lang='lat' dir='ltr'>ob</span> <span class='ocrx_word' id='word_1_203' title='bbox 1695 3044 2023 3095; x_wconf 87' lang='lat' dir='ltr'>amorem</span> <span class='ocrx_word' id='word_1_204' title='bbox 2050 3018 2357 3096; x_wconf 77' lang='lat' dir='ltr'>Domini</span> <span class='ocrx_word' id='word_1_205' title='bbox 2388 3040 2535 3093; x_wconf 79' lang='lat' dir='ltr'>mei</span> <span class='ocrx_word' id='word_1_206' title='bbox 2566 3038 2721 3093; x_wconf 76' lang='lat' dir='ltr'>msv</span> <span class='ocrx_word' id='word_1_207' title='bbox 2750 3008 3027 3090; x_wconf 86' lang='lat' dir='ltr'>Christi</span> <span class='ocrx_word' id='word_1_208' title='bbox 3044 3027 3125 3085; x_wconf 91' lang='lat' dir='ltr'>et</span> 
     </span>
     <span class='ocr_line' id='line_1_26' title="bbox 418 3110 3125 3224; baseline -0.004 -25"><span class='ocrx_word' id='word_1_209' title='bbox 418 3120 902 3199; x_wconf 85' lang='lat' dir='ltr'>reuerentiam</span> <span class='ocrx_word' id='word_1_210' title='bbox 931 3120 1466 3223; x_wconf 78' lang='lat' dir='ltr'>praenominati</span> <span class='ocrx_word' id='word_1_211' title='bbox 1499 3121 1925 3199; x_wconf 80' lang='lat' dir='ltr'>venerabilis</span> <span class='ocrx_word' id='word_1_212' title='bbox 1958 3118 2341 3224; x_wconf 89' lang='lat' dir='ltr'>Episcopi,</span> <span class='ocrx_word' id='word_1_213' title='bbox 2372 3115 2495 3193; x_wconf 89' lang='lat' dir='ltr'>seu</span> <span class='ocrx_word' id='word_1_214' title='bbox 2528 3116 2809 3193; x_wconf 89' lang='lat' dir='ltr'>animae</span> <span class='ocrx_word' id='word_1_215' title='bbox 2834 3110 3125 3188; x_wconf 90' lang='lat' dir='ltr'>nostrae</span> 
     </span>
     <span class='ocr_line' id='line_1_27' title="bbox 419 3214 3127 3326; baseline -0.004 -27"><span class='ocrx_word' id='word_1_216' title='bbox 419 3220 826 3315; x_wconf 82' lang='lat' dir='ltr'>remedium</span> <span class='ocrx_word' id='word_1_217' title='bbox 855 3220 1110 3298; x_wconf 77' lang='lat' dir='ltr'>libenti</span> <span class='ocrx_word' id='word_1_218' title='bbox 1139 3222 1386 3298; x_wconf 86' lang='lat' dir='ltr'>animo</span> <span class='ocrx_word' id='word_1_219' title='bbox 1421 3220 1764 3299; x_wconf 81' lang='lat' dir='ltr'>affensum</span> <span class='ocrx_word' id='word_1_220' title='bbox 1801 3223 2231 3326; x_wconf 87' lang='lat' dir='ltr'>praebentes</span> <span class='ocrx_word' id='word_1_221' title='bbox 2261 3220 2403 3297; x_wconf 88' lang='lat' dir='ltr'>tale</span> <span class='ocrx_word' id='word_1_222' title='bbox 2444 3214 2883 3313; x_wconf 61' lang='lat' dir='ltr'>auetoritatis</span> <span class='ocrx_word' id='word_1_223' title='bbox 2914 3235 3127 3317; x_wconf 85' lang='lat' dir='ltr'>prae-</span> 
     </span>
     <span class='ocr_line' id='line_1_28' title="bbox 420 3312 3125 3426; baseline -0.004 -25"><span class='ocrx_word' id='word_1_224' title='bbox 420 3345 724 3426; x_wconf 88' lang='lat' dir='ltr'>ceptum</span> <span class='ocrx_word' id='word_1_225' title='bbox 765 3322 900 3398; x_wconf 88' lang='lat' dir='ltr'>adi</span> <span class='ocrx_word' id='word_1_226' title='bbox 959 3320 1115 3401; x_wconf 88' lang='lat' dir='ltr'>sum</span> <span class='ocrx_word' id='word_1_227' title='bbox 1163 3322 1484 3401; x_wconf 53' lang='lat' dir='ltr'>sasseium</span> <span class='ocrx_word' id='word_1_228' title='bbox 1511 3322 1785 3417; x_wconf 52' lang='lat' dir='ltr'>‚locum</span> <span class='ocrx_word' id='word_1_229' title='bbox 1835 3324 1989 3408; x_wconf 84' lang='lat' dir='ltr'>fieri</span> <span class='ocrx_word' id='word_1_230' title='bbox 2030 3322 2533 3415; x_wconf 85' lang='lat' dir='ltr'>decreuimus,</span> <span class='ocrx_word' id='word_1_231' title='bbox 2586 3340 2949 3421; x_wconf 85' lang='lat' dir='ltr'>quatenus</span> <span class='ocrx_word' id='word_1_232' title='bbox 2990 3312 3125 3392; x_wconf 86' lang='lat' dir='ltr'>sub</span> 
     </span>
     <span class='ocr_line' id='line_1_29' title="bbox 419 3416 3123 3601; baseline -0.003 -102"><span class='ocrx_word' id='word_1_233' title='bbox 419 3424 617 3601; x_wconf 45' lang='lat' dir='ltr'>{tripli</span> <span class='ocrx_word' id='word_1_234' title='bbox 659 3422 880 3511; x_wconf 83' lang='lat' dir='ltr'>defen</span> <span class='ocrx_word' id='word_1_235' title='bbox 905 3450 1080 3501; x_wconf 79' lang='lat' dir='ltr'>ione</span> <span class='ocrx_word' id='word_1_236' title='bbox 1123 3423 1408 3501; x_wconf 88' lang='lat' dir='ltr'>domini</span> <span class='ocrx_word' id='word_1_237' title='bbox 1455 3425 1804 3528; x_wconf 82' lang='lat' dir='ltr'>genitoris</span> <span class='ocrx_word' id='word_1_238' title='bbox 1837 3424 2065 3501; x_wconf 87' lang='lat' dir='ltr'>nostri</span> <span class='ocrx_word' id='word_1_239' title='bbox 2082 3422 2232 3502; x_wconf 75' lang='lat' dir='ltr'>fuit</span> <span class='ocrx_word' id='word_1_240' title='bbox 2242 3477 2265 3517; x_wconf 86' lang='lat'><strong><em>,</em></strong></span> <span class='ocrx_word' id='word_1_241' title='bbox 2316 3423 2417 3501; x_wconf 86' lang='lat' dir='ltr'>ita</span> <span class='ocrx_word' id='word_1_242' title='bbox 2444 3421 2793 3524; x_wconf 89' lang='lat' dir='ltr'>deinceps</span> <span class='ocrx_word' id='word_1_243' title='bbox 2824 3416 2953 3493; x_wconf 89' lang='lat' dir='ltr'>sub</span> <span class='ocrx_word' id='word_1_244' title='bbox 2982 3438 3123 3492; x_wconf 89' lang='lat' dir='ltr'>no-</span> 
     </span>
     <span class='ocr_line' id='line_1_30' title="bbox 588 3517 3129 3607; baseline -0.004 -5"><span class='ocrx_word' id='word_1_245' title='bbox 588 3524 908 3602; x_wconf 87' lang='lat' dir='ltr'>tuitione</span> <span class='ocrx_word' id='word_1_246' title='bbox 953 3546 1028 3601; x_wconf 92' lang='lat' dir='ltr'>et</span> <span class='ocrx_word' id='word_1_247' title='bbox 1053 3526 1532 3607; x_wconf 87' lang='lat' dir='ltr'>immunitatis</span> <span class='ocrx_word' id='word_1_248' title='bbox 1579 3524 2001 3602; x_wconf 80' lang='lat' dir='ltr'>defenfione</span> <span class='ocrx_word' id='word_1_249' title='bbox 2034 3550 2201 3601; x_wconf 89' lang='lat' dir='ltr'>cum</span> <span class='ocrx_word' id='word_1_250' title='bbox 2230 3524 2579 3601; x_wconf 86' lang='lat' dir='ltr'>omnibus</span> <span class='ocrx_word' id='word_1_251' title='bbox 2606 3522 2697 3599; x_wconf 89' lang='lat' dir='ltr'>ad</span> <span class='ocrx_word' id='word_1_252' title='bbox 2728 3518 2801 3597; x_wconf 91' lang='lat' dir='ltr'>se</span> <span class='ocrx_word' id='word_1_253' title='bbox 2823 3517 3009 3596; x_wconf 89' lang='lat' dir='ltr'>iuste</span> <span class='ocrx_word' id='word_1_254' title='bbox 3040 3540 3129 3593; x_wconf 87' lang='lat' dir='ltr'>ac</span> 
     </span>
     <span class='ocr_line' id='line_1_31' title="bbox 418 3623 3127 3730; baseline -0.003 -27"><span class='ocrx_word' id='word_1_255' title='bbox 418 3624 746 3729; x_wconf 84' lang='lat' dir='ltr'>legaliter</span> <span class='ocrx_word' id='word_1_256' title='bbox 775 3626 1304 3729; x_wconf 87' lang='lat' dir='ltr'>pertinentibus</span> <span class='ocrx_word' id='word_1_257' title='bbox 1335 3650 1776 3730; x_wconf 83' lang='lat' dir='ltr'>permaneat.</span> <span class='ocrx_word' id='word_1_258' title='bbox 1875 3626 2411 3729; x_wconf 84' lang='lat' dir='ltr'>Praecipientes</span> <span class='ocrx_word' id='word_1_259' title='bbox 2438 3648 2617 3727; x_wconf 83' lang='lat' dir='ltr'>ergo</span> <span class='ocrx_word' id='word_1_260' title='bbox 2647 3623 3008 3712; x_wconf 77' lang='lat' dir='ltr'>iubemu8‚</span> <span class='ocrx_word' id='word_1_261' title='bbox 3039 3638 3127 3695; x_wconf 85' lang='lat' dir='ltr'>vt</span> 
     </span>
     <span class='ocr_line' id='line_1_32' title="bbox 421 3719 3251 3831; baseline -0.003 -27"><span class='ocrx_word' id='word_1_262' title='bbox 421 3728 668 3804; x_wconf 90' lang='lat' dir='ltr'>nullus</span> <span class='ocrx_word' id='word_1_263' title='bbox 706 3722 930 3803; x_wconf 84' lang='lat' dir='ltr'>iudex</span> <span class='ocrx_word' id='word_1_264' title='bbox 962 3726 1298 3830; x_wconf 87' lang='lat' dir='ltr'>publicus</span> <span class='ocrx_word' id='word_1_265' title='bbox 1335 3728 1454 3805; x_wconf 80' lang='lat' dir='ltr'>vel</span> <span class='ocrx_word' id='word_1_266' title='bbox 1485 3728 1834 3831; x_wconf 71' lang='lat' dir='ltr'>quislibet</span> <span class='ocrx_word' id='word_1_267' title='bbox 1863 3722 1965 3806; x_wconf 64' lang='lat' dir='ltr'>ex‘</span> <span class='ocrx_word' id='word_1_268' title='bbox 1984 3728 2347 3805; x_wconf 89' lang='lat' dir='ltr'>iudiciaria</span> <span class='ocrx_word' id='word_1_269' title='bbox 2374 3726 2733 3831; x_wconf 72' lang='lat' dir='ltr'>potestate</span> <span class='ocrx_word' id='word_1_270' title='bbox 2772 3724 2850 3799; x_wconf 89' lang='lat' dir='ltr'>in</span> <span class='ocrx_word' id='word_1_271' title='bbox 2892 3719 3125 3797; x_wconf 75' lang='lat' dir='ltr'>eccle-³</span> <span class='ocrx_word' id='word_1_272' title='bbox 3242 3774 3251 3781; x_wconf 84' lang='lat'>-</span> 
     </span>
     <span class='ocr_line' id='line_1_33' title="bbox 378 3817 3139 3935; baseline -0.003 -32"><span class='ocrx_word' id='word_1_273' title='bbox 378 3824 552 3913; x_wconf 61' lang='lat' dir='ltr'>Aias</span> <span class='ocrx_word' id='word_1_274' title='bbox 583 3850 709 3903; x_wconf 87' lang='lat' dir='ltr'>aut</span> <span class='ocrx_word' id='word_1_275' title='bbox 738 3826 894 3903; x_wconf 87' lang='lat' dir='ltr'>loca</span> <span class='ocrx_word' id='word_1_276' title='bbox 937 3828 1052 3905; x_wconf 92' lang='lat' dir='ltr'>vel</span> <span class='ocrx_word' id='word_1_277' title='bbox 1077 3852 1287 3931; x_wconf 85' lang='lat' dir='ltr'>agros</span> <span class='ocrx_word' id='word_1_278' title='bbox 1309 3828 1432 3907; x_wconf 88' lang='lat' dir='ltr'>seu</span> <span class='ocrx_word' id='word_1_279' title='bbox 1469 3832 1782 3935; x_wconf 85' lang='lat' dir='ltr'>reliquas</span> <span class='ocrx_word' id='word_1_280' title='bbox 1801 3826 2263 3935; x_wconf 72' lang='lat' dir='ltr'>posseffiones</span> <span class='ocrx_word' id='word_1_281' title='bbox 2292 3848 2733 3907; x_wconf 87' lang='lat' dir='ltr'>memoratae</span> <span class='ocrx_word' id='word_1_282' title='bbox 2754 3817 3139 3915; x_wconf 76' lang='lat' dir='ltr'>Ecclefiae,</span> 
     </span>
     <span class='ocr_line' id='line_1_34' title="bbox 421 3920 3128 4106; baseline -0.001 -103"><span class='ocrx_word' id='word_1_283' title='bbox 421 3952 610 4106; x_wconf 56' lang='grc' dir='ltr'>ἕως</span> <span class='ocrx_word' id='word_1_284' title='bbox 643 3928 1006 4007; x_wconf 87' lang='lat' dir='ltr'>moderno</span> <span class='ocrx_word' id='word_1_285' title='bbox 1042 3954 1380 4035; x_wconf 88' lang='lat' dir='ltr'>tempore</span> <span class='ocrx_word' id='word_1_286' title='bbox 1420 3922 1608 4037; x_wconf 42' lang='lat' dir='ltr'>inf-ng</span> <span class='ocrx_word' id='word_1_287' title='bbox 1651 3932 2040 4040; x_wconf 61' lang='lat' dir='ltr'>qitioijem·</span> <span class='ocrx_word' id='word_1_288' title='bbox 2066 3931 2269 4033; x_wconf 89' lang='lat' dir='ltr'>regni</span> <span class='ocrx_word' id='word_1_289' title='bbox 2310 3930 2539 4007; x_wconf 86' lang='lat' dir='ltr'>nostri</span> <span class='ocrx_word' id='word_1_290' title='bbox 2582 3927 2861 4029; x_wconf 79' lang='lat' dir='ltr'>legibus</span> <span class='ocrx_word' id='word_1_291' title='bbox 2904 3920 3128 4029; x_wconf 85' lang='lat' dir='ltr'>poffi-</span> 
     </span>
     <span class='ocr_line' id='line_1_35' title="bbox 362 4027 3129 4135; baseline -0.002 -28"><span class='ocrx_word' id='word_1_292' title='bbox 362 4116 370 4123; x_wconf 54' lang='grc'><em>,</em></span> <span class='ocrx_word' id='word_1_293' title='bbox 479 4050 590 4123; x_wconf 87' lang='lat' dir='ltr'>et,</span> <span class='ocrx_word' id='word_1_294' title='bbox 623 4027 744 4105; x_wconf 87' lang='lat' dir='ltr'>vel</span> <span class='ocrx_word' id='word_1_295' title='bbox 771 4030 956 4130; x_wconf 73' lang='lat' dir='ltr'>quae</span> <span class='ocrx_word' id='word_1_296' title='bbox 984 4030 1332 4135; x_wconf 84' lang='lat' dir='ltr'>deinceps</span> <span class='ocrx_word' id='word_1_297' title='bbox 1363 4036 1440 4111; x_wconf 86' lang='lat' dir='ltr'>in</span> <span class='ocrx_word' id='word_1_298' title='bbox 1469 4035 1625 4111; x_wconf 81' lang='lat' dir='ltr'>iune</span> <span class='ocrx_word' id='word_1_299' title='bbox 1651 4032 1874 4135; x_wconf 70' lang='lat' dir='ltr'>ipsius</span> <span class='ocrx_word' id='word_1_300' title='bbox 1907 4030 2051 4109; x_wconf 84' lang='lat' dir='ltr'>loci</span> <span class='ocrx_word' id='word_1_301' title='bbox 2079 4033 2399 4109; x_wconf 88' lang='lat' dir='ltr'>voluerit</span> <span class='ocrx_word' id='word_1_302' title='bbox 2440 4030 2687 4107; x_wconf 84' lang='lat' dir='ltr'>diuina</span> <span class='ocrx_word' id='word_1_303' title='bbox 2730 4029 2961 4133; x_wconf 87' lang='lat' dir='ltr'>pietas</span> <span class='ocrx_word' id='word_1_304' title='bbox 3002 4046 3129 4102; x_wconf 88' lang='lat' dir='ltr'>au-</span> 
     </span>
     <span class='ocr_line' id='line_1_36' title="bbox 421 4128 3129 4233; baseline -0.002 -27"><span class='ocrx_word' id='word_1_305' title='bbox 421 4132 574 4233; x_wconf 81' lang='lat' dir='ltr'>geri</span> <span class='ocrx_word' id='word_1_306' title='bbox 613 4130 702 4207; x_wconf 88' lang='lat' dir='ltr'>ad</span> <span class='ocrx_word' id='word_1_307' title='bbox 751 4132 986 4209; x_wconf 61' lang='lat' dir='ltr'>caulas</span> <span class='ocrx_word' id='word_1_308' title='bbox 1032 4134 1416 4211; x_wconf 78' lang='lat' dir='ltr'>iudiciario</span> <span class='ocrx_word' id='word_1_309' title='bbox 1453 4132 1692 4213; x_wconf 74' lang='lat' dir='ltr'>modo</span> <span class='ocrx_word' id='word_1_310' title='bbox 1733 4132 2127 4211; x_wconf 70' lang='lat' dir='ltr'>audiendas</span> <span class='ocrx_word' id='word_1_311' title='bbox 2154 4156 2279 4209; x_wconf 89' lang='lat' dir='ltr'>aut</span> <span class='ocrx_word' id='word_1_312' title='bbox 2317 4131 2515 4209; x_wconf 87' lang='lat' dir='ltr'>freda</span> <span class='ocrx_word' id='word_1_313' title='bbox 2558 4128 2949 4232; x_wconf 82' lang='lat' dir='ltr'>exigenda,</span> <span class='ocrx_word' id='word_1_314' title='bbox 3000 4146 3129 4203; x_wconf 88' lang='lat' dir='ltr'>aut</span> 
     </span>
     <span class='ocr_line' id='line_1_37' title="bbox 421 4228 3133 4345; baseline -0.004 -32"><span class='ocrx_word' id='word_1_315' title='bbox 421 4230 828 4313; x_wconf 80' lang='lat' dir='ltr'>manfiones</span> <span class='ocrx_word' id='word_1_316' title='bbox 865 4234 982 4313; x_wconf 87' lang='lat' dir='ltr'>vel</span> <span class='ocrx_word' id='word_1_317' title='bbox 1009 4257 1296 4343; x_wconf 74' lang='lat' dir='ltr'>paratas</span> <span class='ocrx_word' id='word_1_318' title='bbox 1313 4234 1678 4317; x_wconf 79' lang='lat' dir='ltr'>faciendas</span> <span class='ocrx_word' id='word_1_319' title='bbox 1693 4288 1718 4331; x_wconf 84' lang='lat'>‚</span> <span class='ocrx_word' id='word_1_320' title='bbox 1749 4246 1876 4316; x_wconf 73' lang='lat' dir='ltr'>aut</span> <span class='ocrx_word' id='word_1_321' title='bbox 1901 4234 2351 4316; x_wconf 62' lang='lat' dir='ltr'>fideiussores</span> <span class='ocrx_word' id='word_1_322' title='bbox 2380 4230 2791 4329; x_wconf 81' lang='lat' dir='ltr'>tollendos,</span> <span class='ocrx_word' id='word_1_323' title='bbox 2818 4252 2945 4311; x_wconf 85' lang='lat' dir='ltr'>aut</span> <span class='ocrx_word' id='word_1_324' title='bbox 2975 4228 3133 4345; x_wconf 69' lang='lat' dir='ltr'>lxo-</span> 
     </span>
     <span class='ocr_line' id='line_1_38' title="bbox 1019 4352 3135 4413; baseline -0.004 5"><span class='ocrx_word' id='word_1_325' title='bbox 1019 4394 1028 4403; x_wconf 88' lang='lat'><strong>·</strong></span> <span class='ocrx_word' id='word_1_326' title='bbox 2894 4352 3135 4413; x_wconf 71' lang='lat' dir='ltr'>nunes</span> 
     </span>
    </p>
   </div>
  </div>
 </body>
</html>
