3825 4800
673 396 838 474 666
1351 325 2728 468 'TOPOGRAPHIA'

713 604 731 646 ι
890 565 1316 654 INDICIA'
1355 569 1834 652 Zernensium
1869 569 2161 649 colonia
2190 591 2641 650 memoratur
2673 571 2753 647 in
2808 572 2861 649 l.
2891 591 2939 649 ι.
2974 569 3040 668 §.
3060 583 3125 658 8.
3174 568 3267 646 D.
3298 567 3407 643 de

688 674 876 855 {542er
912 701 1176 854 {eaque1
1192 673 1516 853 leffiolet
1545 675 1632 856 ig
1662 673 2037 789 Pandeffls
2070 672 2507 872 FkZentirffs
2534 694 2879 853 occurat.
2976 671 3139 852 8εὸἱί
3162 667 3407 845 maog}

831 803 880 854 o
1029 802 1124 853 en
1180 801 1342 854 um:
1453 803 1504 853 n
1631 801 1792 854 acta
1889 801 1975 854 uo
2079 803 2118 851 e
2260 801 2439 854 rnen
2462 801 2611 853 tum
2650 800 2727 854 co
2758 799 2940 853 omo.
3140 795 3307 848 cem

691 879 790 957 de
816 905 898 956 ea
926 801 1108 955 ἱῗξί-’ω
1141 874 1278 954 sub·
1300 877 1537 956 littera
1567 879 1637 956 Z
1669 863 1761 953 ad
1787 801 2465 976 vgcessuzernenfis.
3379 897 3391 904 ·

588 1050 596 1061 .
886 981 1350 1058 ISTHMVS
1369 1033 1393 1074 ‚
1441 1001 1818 1081 tamquam
1843 999 2079 1056 terrae
2108 977 2369 1059 trauus
2385 1033 2410 1073 ,
2435 980 2516 1056 in
2542 1003 2701 1079 quo
2732 977 3003 1056 domus
3028 996 3107 1053 et
3126 972 3413 1063 fontes

625 1175 628 1180 ¹
691 1099 1145 1160 memoratur
1169 1081 1248 1158 in
1279 1081 1330 1159 l.
1350 1099 1462 1176 37.
1503 1085 1602 1160 D.
1627 1079 1715 1156 de
1721 1077 1922 1180 seru.
1942 1079 2191 1181 praed.
2220 1077 2390 1177 rust.
2487 1081 2747 1159 Isthmi
2790 1079 3211 1184 complures
3238 1071 3403 1178 pas-

691 1183 822 1262 fim
859 1201 1278 1261 occurrunt.
1379 1183 1642 1284 Quum
1695 1205 1877 1258 vero
1920 1179 2346 1298 responsum
2364 1235 2385 1274 ‚
2472 1181 2629 1258 uod
2655 1181 2944 1260 Paullus
2974 1179 3108 1258 dd.
3125 1203 3237 1272 37.
3269 1175 3403 1252 ha-

693 1285 845 1377 bet,
873 1286 1246 1362 Graecum
1272 1281 1390 1376 fit,
1437 1279 1848 1361 verosimile
1881 1283 2011 1376 est,
2038 1281 2396 1386 mtelligil
2514 1307 2761 1378 mum,
2809 1284 2887 1362 in
2914 1306 3075 1387 quo
3100 1275 3407 1358 bimaris

695 1385 1130 1466 Corinthus,
1231 1385 1376 1462 Iste
1404 1385 1604 1462 enim
1651 1389 1802 1463 κατ’
1835 1387 1866 1460 ἐ
1911 1387 2063 1483 ,πχὴν
2090 1383 2168 1461 id
2197 1408 2476 1461 nomen
2504 1385 2697 1464 tulit.

771 1525 777 1530 ·
897 1487 1304 1579 ITALIA,
1355 1484 1503 1562 fiue
1545 1507 1732 1562 terra
1773 1487 1843 1562 It
1913 1485 1977 1562 ia
2018 1487 2069 1564 l.
2092 1511 2156 1579 3.
2187 1488 2327 1583 §.3.
2371 1488 2471 1564 D.
2496 1487 2585 1564 de
2624 1487 2813 1588 obig.
2886 1484 3231 1590 pfinceps
3280 1477 3401 1586 illa

692 1610 1050 1666 terrarum
1082 1587 1288 1690 regio
1309 1587 1503 1664 inter
1531 1586 1764 1690 Alpes
1793 1607 1870 1663 et
1896 1611 2093 1662 mare
2119 1583 2465 1690 superum
2490 1586 2965 1689 inferumque
3002 1580 3405 1662 interieaa.

695 1689 908 1766 Olim
939 1687 1287 1790 equidem
1327 1687 1528 1766 Italia
1567 1687 1874 1800 proprie
1924 1685 2299 1767 dicebatur
2337 1708 2525 1766 terra
2566 1715 2605 1766 a
2636 1689 3024 1767 Rubicone
3050 1683 3289 1760 fluuio
3314 1682 3399 1758 in

691 1790 1022 1880 Bruttios
1047 1811 1123 1866 et
1153 1791 1494 1867 Lucanos
1524 1787 1756 1892 vsque
1781 1786 2103 1866 extensa.
2198 1791 2411 1907 Qae
2440 1791 2637 1868 enim
2669 1791 2861 1868 inter
2874 1789 3106 1892 Alpes
3132 1807 3211 1862 et
3234 1785 3403 1861 Ru-

687 1891 1034 1968 biconem
1064 1889 1436 1968 interiesta
1466 1891 1573 1967 est
1587 1945 1610 1984 ,
1637 1913 1800 1968 eam
1822 1889 2021 1968 Galli
2038 1887 2411 1994 Cisalpini,
2433 1893 2765 1996 Ligures,
2792 1887 3093 1978 Veneti,
3122 1885 3397 1964 Libur-

687 1993 770 2070 ni
804 1991 1161 2070 colebant.
1219 2055 1222 2059 .
1253 1991 1402 2070 Sed
1427 1993 1678 2096 postea
1713 2013 1792 2068 et
1823 1989 2064 2070 Gallia
2090 2013 2169 2070 et
2194 1992 2429 2072 Sicilia
2447 2046 2472 2087 ‚
2502 2015 2580 2070 et
2608 1993 2931 2094 reliquae
2954 1986 3219 2067 insulae
3246 1987 3395 2062 Iet-

689 2093 830 2171 liae
847 2094 998 2170 hoc
1023 2094 1330 2171 nornine
1358 2095 1608 2172 venire
1634 2113 2063 2212 coeperunt.
2110 2095 2163 2170 l.
2180 2121 2293 2188 99.
2340 2097 2407 2192 §.
2442 2121 2493 2174 1.
2536 2099 2636 2174 D.
2682 2097 2768 2172 de
2804 2097 2881 2172 V.
2908 2095 2976 2168 S.
3006 2112 3080 2167 et
3106 2089 3159 2168 l.
3184 2113 3256 2180 9.
3287 2088 3389 2166 D.

693 2195 782 2274 de
817 2195 1028 2274 indic.
1223 2196 1456 2272 amuis
1501 2215 1748 2274 autem
1771 2195 1995 2273 mitio
2022 2195 2220 2306 inter
2246 2199 2623 2274 Romanos
2652 2193 2853 2273 ciues
2894 2190 3213 2270 etItalos
3237 2213 3395 2269 ma—

692 2318 927 2475 ffim
959 2295 1132 2374 esset
1199 2401 1212 2415 .
1250 2296 1556 2475 scrimgln
1570 2351 1594 2392 ,
1643 2297 1933 2415 dequo
1959 2295 2179 2374 fufius
2214 2299 2389 2415 Car.
2422 2296 2791 2479 Sigor11.atlle
2814 2299 2973 2387 iure
3002 2293 3146 2370 ciu.
3167 2294 3395 2370 Rom.

831 2453 852 2474 .
893 2420 971 2473 et
1050 2423 1336 2476 roumc.
1363 2426 1440 2477 m
1520 2420 1604 2476 to
1631 2424 1862 2477 maius
1899 2422 2149 2476 tamen
2188 2420 2339 2477 erat
2368 2421 2562 2477 mter
2636 2420 2671 2477 t
2734 2424 2821 2475 os
2868 2420 2947 2475 et
3030 2418 3395 2473 rouma-

691 2496 802 2573 les
813 2550 840 2589 ,
881 2424 1122 2597 quipet
1149 2501 1683 2581 communicata
1709 2524 1880 2576 cum
1907 2501 2087 2577 orbe
2105 2506 2446 2579 Romano
2470 2503 2764 2585 ciuitate
2790 2424 3172 2579 detegeris
3194 2514 3399 2573 erant

689 2596 1179 2693 conditionis,
1205 2624 1429 2702 quam
1446 2598 1630 2676 Ita-li.
1725 2599 1949 2678 Vnde
1978 2626 2057 2677 et
2084 2602 2245 2679 Itali
2263 2628 2300 2679 a
2390 2604 2902 2686 rouincialibus
2936 2600 3395 2701 distinguun-

637 2738 643 2742 ·
689 2699 906 2879 tffistl.
923 2722 1088 2877 ἐξ..
1107 2700 1224 2879 ξεῖ
1261 2702 1338 2777 V.
1367 2704 1438 2777 S.
1462 2698 1794 2879 xhibssra
1841 2724 1995 2878 rep.
2027 2727 2186 2779 eam
2219 2702 2303 2807 ip
2332 2728 2375 2779 e
2416 2708 2720 2884 Sena-tuf
2748 2697 3395 2879 regebat-hrlzolgrb.

621 2858 624 2861 .
871 2856 892 2875 .
986 2826 1442 2878 1..ca
1705 2824 2981 2884 muaautemmumc11au1sma
3192 2822 3391 2878 tius

691 2898 1072 3021 parebant:
1119 2898 1251 3081 niin
1334 2826 1488 3021 ulbd
1517 2924 1718 2980 extra
1749 2828 2083 2982 ogrdinem
2095 2962 2119 3001 ‚
2150 2903 2197 2983 fi
2230 2832 2609 2985 seditionis
2639 2908 2759 2987 vel
2784 2906 2951 2985 belli
2978 2830 3390 3011 &etiannum

691 3024 1120 3083 xmmmeret

693 3106 884 3185 nard
917 3105 1006 3203 μέ
1079 3158 1102 3179 .
1152 3106 1476 3209 Appian.
1501 3106 1596 3183 de
1621 3107 1798 3186 Bell.
1825 3109 1969 3186 eiu.
1995 3108 2159 3187 Lib.
2190 3112 2247 3187 I.
2330 3167 2349 3186 .
2363 3136 2523 3207 374.
2567 3111 2951 3215 Augustus
3028 3106 3390 3187 mximam

1005 3058 1154 3283 aa,
2964 3135 3027 3287 ἕ
3038 3204 3390 3289 Praefeffi

692 3206 984 3283 Romae

689 3306 856 3383 vrbi
887 3306 1462 3386 iurisdiclionem
1493 3308 1802 3387 retulisse
1825 3310 2138 3389 videtur.
2232 3312 2417 3390 Inde
2430 3314 2846 3394 Hadrianus
2923 3334 3194 3389 uatuor
3208 3332 3392 3385 con-
3476 3390 3487 3406 ,

689 3403 957 3484 sulares
1047 3434 1130 3485 er
1157 3434 1462 3488 omnem
1496 3411 1772 3489 Italiam
1801 3412 2083 3489 iudices
2112 3412 2515 3495 constituit.
2576 3418 2808 3520 Spart.
2926 3412 3196 3493 adrian.
3230 3434 3391 3512 cap.

686 3509 936 3586 XXII.
1063 3508 1357 3589 odwell.
1386 3512 1606 3591 Prael.
1633 3512 2041 3593 Cambderi.
2064 3515 2196 3593 IX.
2244 3528 2321 3592 ca
2380 3572 2401 3593 .
2433 3518 2643 3595 VIII.
2669 3520 2804 3595 IX.
2848 3542 2925 3621 p.
2951 3542 3091 3612 350.
3152 3510 3291 3591 Ast
3312 3529 3391 3587 et

592 3642 605 3687 ·.
685 3608 894 3687 hunc
927 3634 1216 3687 morem
1251 3610 1536 3691 sustulit
1597 3618 1888 3697 Marcus
1936 3616 2283 3695 Aurelius
2388 3619 2743 3697 ntoninus
2780 3620 2972 3723 Imp.
3024 3614 3209 3692 datis
3242 3614 3389 3691 Ita-
3448 3692 3455 3703 ,

685 3708 826 3787 liae
865 3710 1190 3789 iuridicis
1219 3710 1310 3789 ad
1331 3712 1411 3790 id
1449 3717 1904 3820 exemplum,
1933 3742 2093 3819 quo
2118 3717 2532 3797 Hadrianus
2574 3719 2979 3798 consulares
3020 3717 3177 3794 iura
3222 3710 3392 3791 red-

686 3808 868 3887 dere
891 3836 1378 3917 praeceperat.
1423 3815 1560 3894 IuI.
1587 3816 1986 3923 Capitolio.
2014 3822 2239 3897 Marc.
2268 3844 2347 3897 ω
2406 3876 2423 3898 .
2441 3822 2573 3899 ΧΙ.
2589 3844 2788 3923 quan
2846 3846 3013 3897 uam
3026 3812 3391 3897 Dodwel-

685 3910 804 3986 lus
841 3912 988 3989 iam
1025 3914 1118 3991 ab
1173 3917 1570 3995 Antonino
1611 3918 1750 3995 Pio
1779 3918 2125 3997 sublatam
2164 3919 2301 3998 effe
2328 3922 2350 3998 i
2380 3920 2520 3999 lam
2550 3912 2811 4002 Cons‘
2836 3922 3065 4021 arium
3094 3913 3387 4005 iurisdi-

685 4008 1010 4090 &ionem
1049 4017 1436 4096 existimet.
1553 4020 1663 4097 Hi
1696 4019 1987 4099 iuridici
2028 4021 2607 4101 iurisdielionem
2652 4022 2959 4127 quidem
3004 4018 3391 4107 habebant,

655 4108 810 4191 sed
840 4110 988 4189 fine
1013 4113 1319 4195 fascibus
1355 4144 1439 4197 ac
1464 4118 1875 4216 moribus,
1905 4122 2174 4224 quibus
2190 4122 2629 4203 Consulares
2660 4124 2826 4203 vsos
2859 4134 3063 4229 pa'tet
3090 4144 3186 4196 ex
3200 4138 3389 4195 mar-

671 4232 898 4329 more
934 4216 1134 4321 apud
1157 4218 1382 4300 Grut.
1405 4246 1486 4328 p.
1501 4220 2077 4323 ccccxclv,
2104 4252 2151 4308 1.
2194 4223 2427 4331 idque
2450 4226 2677 4331 magis
2704 4231 2965 4308 Marco
2990 4228 3181 4327 Imp.
3198 4242 3381 4334 con—

3125 4342 3385 4401 uemre

1127 3205 1264 3283 liae
1289 3228 1576 3310 partem
1613 3208 1706 3285 ad
1737 3207 2214 3289 centesimum
2240 3238 2275 3288 a
2364 3212 2543 3290 vrbe
2570 3212 2639 3289 la
2688 3212 2889 3291 idem
2924 3238 2961 3289 a

1375 3028 1494 3081 am
1554 3002 1989 3085 sortirentur·
2041 3006 2451 3086 consulares
2487 3010 2607 3086 vel
2656 3015 2972 3117 ἄρχοντες
3014 3006 3390 3085 ἀνθύπατοι
3518 3022 3529 3028 “
