3825 4800
1024 346 1271 497 Tr‘r„
1302 396 1545 473 xxn.
1593 396 1734 475 DE
1779 362 2756 495 PROCVRA†.ORIBVS.

3108 432 3231 503 379

851 582 1170 675 (vtum.
1219 606 1350 659 Lm.
1395 608 1544 661 vm.
1587 578 1675 659 'et
1718 606 1898 659 vnn.
1982 606 2233 661 PAVLL.
2281 608 2410 662 un.
2446 608 2572 661 vn.
2622 605 2701 660 et
2750 588 2933 682 vm.)

531 678 1182 811 Procuratorem
1218 685 1304 769 in
1345 710 1848 799 quacumque
1891 682 2181 786 cauffa,
2222 679 2281 771 fi
2324 687 2807 773 mandatum.
2830 689 2903 769 ei
2940 680 3109 791 erit,
3140 690 3231 805 b)

561 888 574 904 χ
681 790 784 879 ab
821 820 964 887 eo,
995 796 1132 909 qui
1159 798 1328 884 eius
1353 796 1688 883 aelionis
1715 798 2095 885 dominus
2124 800 2295 895 erit,
2328 801 2423 913 c)
2474 799 2753 887 datum
2770 798 3232 906 admittam,
3310 906 3323 911 ,

536 1094 1043 1185 statimEdiffi
1058 1102 1264 1219 parte
1279 1126 1696 1207 praetorem
1713 1130 1842 1183 ex-

537 1199 846 1302 preffisse
858 1255 882 1297 ,
961 1230 1099 1307 qui
1131 1228 1652 1310 procuratores
1703 1206 1842 1285 effe

477 1416 490 1425 .
539 1301 837 1406 poffint.
903 1354 912 1359 -

635 1463 712 1563 b)
763 1466 1196 1547 Mandatum
1241 1470 1311 1547 ei
1353 1448 1566 1568 erin]
1663 1466 1838 1545 Siue

537 1567 892 1670 *expressffi
909 1568 1056 1646 fiue
1081 1572 1327 1665 tacite,
1375 1568 1526 1647 fiue
1553 1569 1796 1647 verbis
1811 1622 1836 1662 ,

391 1686 398 1693 ·
541 1664 688 1745 fiue
719 1668 978 1749 litteris
995 1725 1019 1765 ,
1069 1670 1216 1749 fiue
1239 1672 1556 1771 nutu.‘§.
1585 1698 1637 1753 1.
1669 1666 1837 1769 Inst.

528 1791 671 1873 per
704 1798 881 1876 quos
915 1800 1029 1875 ag.
1046 1770 1216 1876 poffi
1309 1780 1510 1853 Nam
1533 1796 1610 1851 et
1623 1795 1839 1851 nnm-

541 1888 730 1951 GARE
767 1870 921 1951 solo
950 1896 1142 1949 nutu
1171 1872 1426 1951 surdus
1469 1898 1548 1951 et
1587 1894 1836 1949 mutus

539 1974 813 2077 potest.
865 2000 1150 2060 mma.
1181 1976 1330 2052 Lib.
1383 1976 1584 2053 VIII.
1624 1972 1728 2049 ad
1749 1974 1843 2047 E-

545 2074 704 2156 Ᾰὶἑῖ.
734 2076 786 2151 l.
819 2101 918 2166 17.
951 2076 1050 2153 D.
1089 2074 1174 2153 de
1202 2096 1446 2153 nouat.

419 2216 429 2224 ’
493 2220 508 2227 ’
545 2262 556 2269 -
649 2224 726 2315 c)
779 2218 1136 2299 Dominus
1165 2219 1360 2317 erin]
1412 2218 1613 2325 Qa
1627 2214 1848 2293 affloss

545 2344 682 2397 nes
727 2343 988 2397 omnes
1039 2322 1230 2400 inter
1288 2318 1465 2426 legis
1521 2316 1842 2397 aetiones

545 2443 783 2517 erant,
833 2424 886 2500 l.
913 2449 975 2500 2.
1002 2426 1072 2525 §.
1115 2436 1176 2502 6.
1213 2425 1311 2501 D.
1357 2423 1446 2500 de
1481 2422 1658 2522 orig.
1681 2421 1840 2516 stur.

543 2525 704 2628 lege
750 2547 934 2602 vero
983 2551 1140 2631 per.
1173 2545 1680 2629 procuratores
1727 2523 1841 2626 agi

539 2651 700 2706 non
725 2649 1048 2734 poterat:
1081 2629 1134 2706 l.
1166 2650 1288 2722 123.
1319 2629 1416 2703 D.
1430 2627 1520 2706 de
1537 2651 1688 2728 reg.
1699 2625 1840 2702 iur.

541 2730 1136 2838 procuratoribus
1151 2729 1232 2806 in
1255 2723 1428 2805 foro
1445 2723 1660 2834 'plane
1683 2749 1840 2803 non

543 2855 700 2912 erat
731 2833 972 2926 locus,
1022 2854 1535 2937 praeterquam
1578 2826 1840 2906 adiutis

549 2962 688 3040 pro
731 2935 1055 3040 populo,
1105 2958 1246 3052 pro
1283 2934 1650 3025 libertate,
1699 2953 1841 3032 pro

549 3039 814 3129 tutela,
863 3058 940 3112 et
967 3034 1146 3112 furti
1189 3061 1286 3122 ex
1327 3035 1487 3138 lege
1527 3029 1842 3111 Hostilia
1873 3077 1876 3080 -

544 3163 818 3220 eorum
835 3140 1148 3215 nomine
1167 3193 1197 3231 r
1295 3137 1370 3212 ui
1385 3134 1583 3240 apud
1599 3133 1842 3210 hostes

541 3243 812 3334 effent,
859 3241 984 3320 vel
1004 3164 1446 3342 reipusslioee
1481 3235 1704 3316 causta
1723 3233 1845 3310 ab-

553 3345 778 3426 ess'ent
793 3399 814 3435 ‚
832 3344 1062 3444 quiue
1080 3343 1160 3418 in
1183 3363 1478 3434 eorum,
1506 3338 1714 3416 cuius
1727 3358 1846 3413 tu-

509 3480 518 3486 *
549 3449 692 3526 tela
726 3445 976 3524 eflent.
981 3465 1102 3548 pr.
1125 3441 1290 3541 Inst.
1321 3443 1408 3520 de
1433 3441 1516 3520 iis
1518 3461 1658 3548 par
1673 3461 1850 3542 quos

553 3579 668 3653 ag.
680 3547 850 3654 poſjl
945 3548 1148 3623 Hinc
1191 3543 1324 3649 ipsi
1369 3543 1599 3620 adeffe
1629 3565 1852 3644 coge-

550 3656 821 3734 bantur
853 3649 1290 3751 litigatores,
1349 3645 1538 3722 adeo
1557 3698 1578 3737 ,
1639 3663 1724 3718 vt
1754 3665 1847 3717 ne

553 3777 838 3835 Monnvs
893 3749 1204 3852 quidem
1252 3769 1651 3826 Assvrmsvs
1682 3799 1706 3836 ,
1769 3739 1849 3820 id

402 3917 408 3924 .
551 3855 662 3935 est
677 3911 698 3950 ,
737 3851 1068 3931 seneclus
1091 3851 1474 3931 liberarent
1495 3873 1534 3926 a
1555 3841 1854 3923 nedeffi-

551 3977 704 4036 tate
765 3953 1085 4035 adeundi
1150 3973 1590 4056 praetorem.
1653 3943 1850 4026 Gell.

559 4062 753 4140 Νοᾶ.
787 4057 957 4150 XX,
985 4054 1057 4134 ι.’
1137 4053 1370 4159 Qod
1415 4075 1652 4154 quum
1681 4073 1852 4153 per-

460 4165 470 4172 ’
557 4161 948 4240 molestum
978 4157 1284 4235 demum
1313 4153 1717 4234 videretur:
1767 4149 1852 4227 n-

551 4264 716 4344 lum
759 4261 934 4340 iuris
985 4259 1270 4368 antiqui
1323 4257 1644 4364 rigorem
1682 4249 1850 4340 vsus

3036 916 3235 1005 dum

1938 1104 2085 1183 fori
2112 1100 2487 1209 paullatim
2538 1104 2939 1201 emolliuit,
2984 1133 3231 1216 reper-

1939 1228 2217 1307 tusque
2246 1204 2353 1281 est
2394 1206 2705 1303 modus,
2758 1233 2917 1311 quo
2962 1237 3231 1316 procu-

1940 1328 2217 1386 ratores
2260 1302 2467 1383 saluis
2502 1311 2787 1413 antiqui
2827 1310 2999 1391 iuris
3028 1315 3227 1417 prin-

1942 1410 2151 1515 cipiis
2226 1406 2786 1488 admitterentur
2816 1466 2838 1505 ,
2920 1437 3097 1519 puta
3146 1436 3233 1492 vt

1936 1534 2209 1591 nomm
2254 1534 2441 1589 uns
2512 1511 2681 1589 faeti
2742 1512 3229 1617 fingerentur,

1936 1610 2303 1717 liquidem
2326 1633 2509 1689 tunc
2539 1612 2837 1707 iudicio,
2852 1622 3232 1719 tamquam
3274 1628 3280 1635 '

1936 1714 2409 1821 stipulatione
2441 1714 2867 1793 contraxisse
2886 1718 3233 1797 videban-
3336 1812 3343 1817 ι

1936 1840 2096 1910 tur,
2145 1819 2195 1894 l.
2226 1842 2289 1911 3.
2320 1818 2387 1913 §.
2418 1844 2497 1897 ιι.
2540 1820 2637 1895 D.
2681 1820 2768 1895 de
2788 1820 3021 1921 pecul.
3074 1842 3233 1899 tota

1938 1919 2067 1996 lite
2099 1972 2123 2009 ,
2202 1915 2399 2018 quali
2446 1944 2581 2023 per
2630 1922 3111 1998 nouationem
3148 1923 3233 2000 in

1998 2038 2497 2093 rocuratorern
2526 2020 2879 2096 translata.
2896 2024 2945 2097 l.
2966 2048 3043 2101 11.
3070 2024 3232 2113 l.29.

2027 2172 2046 2192 .
2077 2116 2164 2191 de
2188 2136 2423 2192 nouat.
2520 2120 2651 2194 Ne
2667 2121 2999 2195 tamenin
3028 2144 3234 2225 prae-

1944 2214 2304 2294 iudicium
2332 2213 2623 2293 domini
2654 2214 2875 2321 ipfius
2902 2242 3235 2325 vergeret

1944 2314 2200 2397 fastum
2251 2316 2443 2395 istud
2488 2316 2937 2397 dominium:
3070 2311 3237 2397 uae-

1942 2421 2113 2499 dam
2144 2443 2582 2526 procurator
2608 2419 2755 2516 fine
2782 2420 3067 2527 speciali
3100 2423 3239 2500 do-

1938 2524 2123 2602 mini
2152 2521 2500 2639 mandato
2536 2519 2888 2628 suscipere
2912 2551 3071 2604 non
3100 2551 3241 2632 po-

1938 2645 2159 2720 terat,
2206 2644 2400 2703 mter
2424 2649 2629 2726 quae.
2642 2650 2737 2702 an
2766 2649 2849 2704 et·
2882 2625 3239 2706 iusiuran-

1940 2726 2123 2805 dum
2146 2727 2225 2804 in
2244 2725 2445 2804 litem
2466 2725 2723 2824 fuerit,
2774 2727 2899 2807 dis
2934 2751 3094 2808 utat
3108 2755 3235 2808 vt·-

1941 2855 2135 2910 mm.
2166 2827 2311 2906 Lib.
2346 2830 2537 2906 VIII.
2562 2827 2668 2906 ad
2692 2831 2824 2908 Edi
2887 2888 2905 2908 .
2948 2833 3017 2910 l.
3025 2856 3095 2926 7.
3134 2835 3233 2912 D.

1944 2932 2031 3010 de
2064 2932 2143 3007 in
2175 2929 2287 3006 lit.
2318 2931 2459 3007 iur.
2559 2932 2820 3035 Qum
2855 2955 3031 3036 ergo
3060 2958 3241 3038 pro-

1946 3053 2237 3112 curator
2272 3031 2691 3108 dominium
2728 3033 2871 3111 litis
2918 3059 3052 3139 per
3094 3035 3237 3112 litis

1943 3131 2557 3214 contestationem
2636 3131 3239 3236 consequeretur:
3359 3205 3367 3210 .

1944 3233 2185 3342 ipsum
2199 3287 2223 3326 ,
2247 3260 2285 3311 a
2302 3259 2461 3336 quo
2487 3235 3081 3332 constituebatur,
3098 3235 3239 3314 do-

1948 3340 2235 3420 minum
2268 3335 2404 3414 effe
2434 3333 2776 3434 debuiffe,
2804 3359 3030 3444 patet,
3064 3363 3241 3441 qua·

1946 3441 2095 3518 lem
2126 3457 2201 3514 et
2248 3435 2785 3518 filiumfamilias
2828 3441 3038 3534 certis
3070 3439 3239 3516 cafi-

1949 3543 2089 3620 bus
2118 3539 2290 3634 esse,
2340 3540 2568 3617 docet
2588 3565 2869 3619 vLmAN.
2902 3543 3063 3619 ibid.
3093 3544 3143 3620 l.
3176 3557 3243 3628 8.

1953 3647 2051 3722 D.
2078 3641 2163 3719 de
2193 3664 2561 3746 pmcurat.
2660 3645 2843 3719 Sane
2882 3665 2959 3718 et
2995 3644 3115 3718 hic
3144 3668 3238 3719 ex

1951 3745 2299 3825 omnibus
2324 3743 2569 3821 cauffis
2596 3765 2743 3820 tam
2752 3767 2973 3845 quam
3058 3767 3241 3820 ater*

1952 3845 2249 3924 familias
2278 3847 2677 3948 obligatur,
2725 3864 2803 3921 et
2832 3845 2933 3922 ob
2963 3769 3051 3921 ig
3068 3864 3240 3923 cum

1949 3971 2049 4026 eo
2080 3947 2229 4053 agi,
2291 3969 2670 4050 tamquam
2717 3971 2889 4024 cum
2934 3947 3240 4052 patrefa-

1948 4050 2175 4128 milias
2220 4047 2487 4156 potest.
2579 4075 2751 4128 cA1.
2782 4050 2930 4127 Lib.
2963 4053 3097 4128 III.
3147 4049 3251 4126 ad

1949 4153 2164 4253 fidia.
2217 4173 2425 4260 prou.
2491 4151 2541 4228 l.
2575 4175 2690 4246 39.
2730 4153 2827 4232 D.
2881 4153 2967 4232 de
3038 4151 3243 4249 oblig.

1952 4257 2170 4337 etad.
2249 4341 2255 4348 ,

2214 4355 2421 4456 ,Bbb
2472 4383 2537 4438 2‘

2457 4627 2503 4658 X
