3825 4800
681 395 866 479 Lm.
913 395 1008 476 11.
1061 393 1286 476 CAP.
1328 393 1464 476 111.
1509 397 1650 494 DE
1699 397 2091 480 SALVTO
2140 393 2609 478 IVLIANO
2656 393 2955 478 IcTo.
3066 420 3208 496 245

491 589 726 667 Corn.
762 609 904 664 van
925 581 1446 686 Bynkershoek
1492 583 1660 662 vius
1695 585 1802 662 est
1845 585 1925 664 in
1968 584 2463 664 Dedicatione
2494 577 3200 663 exasciatiffimarum

487 686 1117 768 Obseruationum
1147 689 1330 764 Iuris
1357 685 1626 765 ciuilis:
1675 689 1786 764 Ex
1829 689 1981 768 edit
2010 688 2181 766 bono
2196 687 2481 790 publico
2496 741 2521 784 ,
2569 688 2675 766 ad
2692 683 3205 787 rempublicam
3254 697 3275 730 ⁸

426 857 435 864 .
485 817 622 869 non
653 788 980 868 adhiberi
1009 815 1124 864 eos
1147 787 1492 877 homines,
1537 789 1672 892 qui
1707 708 2023 868 alarum
2041 787 2480 890 sententias,
2526 789 2652 868 vbi
2684 816 2735 867 a
2759 785 2909 888 sua
2939 781 3197 881 dtstre-

473 915 698 996 pant,
745 893 1069 969 continuo
1095 889 1530 990 insi’Hantttr
1555 890 1943 991 opprobriis
1956 945 1981 984 ,
2022 890 2487 984 contumelia,
2532 891 2880 981 conuicia,
2894 911 3029 964 non
3042 886 3200 963 alia

485 991 717 1096 caufflt
739 994 1062 1085 irritati,
1109 1017 1334 1096 qnam
1365 992 1564 1096 quod
1577 991 1759 1069 alim
1787 993 1943 1070 alia
1966 1015 2200 1072 mente
2205 989 2317 1090 fit
2328 1043 2353 1086 ‚
2450 993 2735 1096 erpetui
2746 988 3025 1091 seilicet
3056 986 3198 1064 Di·
3357 986 3376 1016 “

482 1099 784 1174 datores
809 1096 884 1170 in
912 1121 994 1171 re
1037 1094 1274 1174 ablica
1297 1091 1765 1172 eruditorum.
1861 1095 2015 1172 Hoc
2038 1095 2317 1171 nomine
2372 1115 2613 1196 emper
2634 1091 2883 1171 habita
2892 1088 3057 1194 fuit
3084 1088 3199 1164 in-

467 1197 694 1302 famis
724 1196 920 1274 natio
1015 1195 1634 1288 rammam-orum,
1675 1195 1768 1273 ab
1791 1193 2247 1274 humanitate
2284 1196 2543 1289 alieni,
2590 1197 2763 1274 dum
2786 1190 3196 1271 humanita-

480 1305 578 1378 tis
594 1295 842 1396 studia
865 1299 1219 1378 tradant:
1242 1295 1388 1397 fid
1411 1321 1550 1374 non
1575 1302 1802 1398 magis
1823 1297 1908 1374 id
1924 1297 2310 1391 miremur,
2342 1323 2567 1404 quam
2588 1295 2722 1375 hac
2724 1317 2945 1400 parte
2948 1317 3201 1394 gram-

492 1401 766 1478 maticic
791 1423 930 1476 nott
945 1399 1204 1477 cedere
1215 1453 1239 1492 ‚
1299 1399 1436 1502 qui
1461 1398 1840 1500 pietatem,
1857 1401 2241 1477 caritatem
2256 1454 2280 1495 ,
2328 1401 2559 1477 animi
2594 1395 3205 1498 mansuetudinem

495 1525 566 1580 et
591 1501 880 1604 reliqua
903 1497 1054 1578 viri
1089 1499 1249 1578 boni
1279 1499 1504 1602 officia
1525 1500 1602 1576 in
1629 1501 1884 1601 vulgus
1887 1505 2361 1616 pt·‹fitentur.
2460 1499 2627 1598 Nist
2638 1497 2895 1598 statim
2936 1495 3051 1573 hic
3065 1515 3197 1596 pe-

489 1605 680 1682 dibus
705 1629 826 1680 eas
867 1599 1174 1702 insitam
1215 1603 1552 1706 cuiusque
1574 1599 2019 1700 sententiam
2031 1657 2055 1697 ,
2105 1601 2476 1702 stultitiae
2496 1603 2626 1680 vel
2658 1596 3209 1678 maleuolentiae

491 1727 890 1783 notamnon
917 1704 1203 1784 euadat.
1252 1701 1915 1804 Iurisconsitltorum
1928 1757 1953 1797 ‚
2001 1705 2259 1809 vtique
2278 1727 2609 1784 veterum
2622 1759 2645 1799 ,
2675 1700 2966 1805 semper
2980 1719 3203 1802 prae-

431 1845 436 1850 ·
489 1809 696 1910 cipua
719 1805 872 1882 laus·
879 1802 1078 1906 fuit,
1125 1803 1497 1903 modestia:
1542 1804 1650 1883 illi
1688 1805 2017 1908 quidem,
2064 1808 2265 1910 quod
2273 1805 2420 1904 fibi
2454 1805 2753 1884 videtur
2763 1859 2789 1900 ‚
2834 1829 2931 1881 ex
2974 1797 3231 1880 animi-

467 1905 974 2012 stcisbntentia
1001 1907 1444 2008 respondent,
1473 1904 1614 2004 st'd
1629 1907 1937 1983 meliora
1962 1909 2137 1984 dotti
2164 1910 2471 1986 audiunt
2486 1963 2509 2003 ,
2561 1930 2635 1985 et
2652 1961 2677 2000 ,
2716 1903 2799 2003 st
2818 1904 3043 1982 minus
3064 1927 3201 1980 tm-

485 2035 561 2090 te
569 2009 976 2109 sapuerunt
987 2059 1012 2099 ,
1058 2004 1491 2106 restpiscunt.
1563 2005 1786 2080 Labeo
1813 2005 2045 2102 noster
2070 2008 2145 2083 in
2178 2012 2473 2085 Senatus·
2493 2007 2781 2084 leaione
2794 2003 3205 2104 sententiae

473 2110 662 2212 stiae
685 2107 1094 2182 libertatem
1119 2102 1450 2201 aduersus·
1473 2101 1698 2210 ipsimi
1725 2103 2129 2202 Augustum
2172 2131 2425 2206 magno
2464 2109 2701 2182 animo
2743 2103 3165 2208 defendebat
3178 2153 3204 2195 ,

493 2209 616 2286 hoc
626 2203 1046 2305 siiperdielo:
1077 2203 1301 2303 suum
1323 2228 1540 2307 quem
1593 2229 1686 2280 ue
1709 2204 2051 2282 iudicium
2074 2205 2358 2284 habere.
2404 2226 2479 2284 et
2480 2205 2595 2304 stc
2622 2232 2661 2282 0
2706 2207 3009 2282 or'tebat.
3056 2203 3201 2278 Pa-

479 2311 866 2415 pinianum
890 2303 1206 2405 nostrum
1230 2325 1470 2382 mente
1521 2305 1712 2382 olida
1739 2329 1878 2381 non
1909 2306 2169 2384 deiecit
2192 2309 2439 2386 vultus
2478 2331 2557 2386 et
2574 2335 2631 2411 g
2660 2307 2860 2386 adius·
2886 2297 3211 2405 instantis

490 2410 838 2515 tyranni:
887 2436 1016 2486 nec·
1033 2432 1278 2487 tamen
1310 2408 1536 2485 minus
1565 2434 1730 2485 eum
1742 2462 1768 2501 ‚
1815 2408 2043 2485 aliter
2070 2410 2433 2525 quondam
2470 2412 2872 2515 apinatum,
2922 2408 3001 2487 in
3042 2431 3205 2486 con-

492 2514 814 2592 trarium
835 2508 1096 2611 vocaffi’
1137 2509 1430 2612 legimus·
1461 2509 1818 2587 veriorem
1855 2510 2101 2587 Sabim
2120 2510 2583 2611 fintentiam.
2670 2534 2747 2589 et
2771 2512 2886 2610 sic
2974 2534 3209 2613 itaque

424 2646 452 2655 -
492 2612 872 2717 oportebat.
919 2614 1130 2690 Haec
1153 2609 1794 2712 Bynkershoekius
1807 2664 1832 2703 ‚
1855 2634 2051 2713 quae
2078 2614 2353 2691 vtinam
2386 2615 2615 2693 hodie
2642 2614 2733 2693 ad
2762 2642 2897 2692 mo
2952 2614 3207 2691 estiam

489 2732 952 2805 reuocarent,
1002 2714 1124 2790 vel
1159 2716 1240 2790 in
1285 2712 1642 2789 ruborem
1679 2710 1937 2789 darent
1974 2712 2141 2793 illos
2156 2769 2182 2811 ‚
2252 2720 2387 2819 qui
2428 2716 2479 2795 fi
2525 2718 2647 2795 vel
2690 2716 2789 2793 de
2822 2712 3203 2796 stillioidiis

491 2838 616 2894 aut
645 2814 876 2893 tribus
905 2814 1196 2919 capellis
1232 2840 1268 2889 a
1323 2814 1488 2909 ‘tur‚
1513 2812 1706 2890 adeo
1731 2812 1925 2892 ferre
1946 2838 2103 2893 non
2130 2820 2433 2921 poss'unt
2458 2819 2910 2923 collegarum
2940 2817 3204 2897 dissen-

493 2918 650 2997 sum
664 2972 688 3011 ,
737 2914 924 2993 adeo
949 2916 1274 3007 excande
1305 2937 1486 2993 cunt
1523 2936 1602 2992 et
1637 2916 1720 2993 in
1767 2915 2123 2995 clamores
2166 2942 2245 2997 et
2290 2922 2623 2997 conuicia
2665 2937 3206 3028 prorumpunt,
3321 3018 3330 3028 ⁸

496 3042 580 3097 vt
607 3042 742 3097 eos
769 3041 929 3095 non
963 3018 1364 3123 arrogantia
1399 3039 1478 3096 et
1503 3017 1630 3111 ira,
1660 3014 1832 3195 se}
1809 3016 2021 3095 furiis
2048 3018 2197 3098 suis
2224 3022 2473 3125 agitari
2498 3023 2729 3099 iures!
2946 3050 2981 3113 '.

483 3290 490 3297 ,
886 3221 1032 3301 Sed
1059 3222 1202 3299 hos
1227 3218 1532 3323 quidem
1566 3120 1894 3297 hgnores
1920 3218 2187 3324 geffiffi
2200 3218 2565 3299 lulianum
2602 3246 2891 3301 certum
2914 3219 3055 3297 est:
3090 3241 3209 3295 re-

499 3327 680 3432 liqui
703 3351 858 3404 non
881 3323 1014 3401 nisi
1039 3321 1536 3427 quorumdam
1567 3320 2011 3399 conieekufis
2044 3324 2435 3401 nituntur..
2472 3325 2627 3420 Sic,
2674 3350 2849 3403 eum
2880 3324 3205 3425 aliquan-

495 3430 596 3506 do
634 3428 1111 3532 Aquitaniam
1157 3423 1523 3526 Belgicam
1540 3478 1566 3517 ,
1625 3422 2063 3503 Dalmatiam
2080 3480 2105 3521 ,
2180 3426 2697 3524 Germaniam,
2758 3451 2943 3505 mox
2964 3422 3207 3502 Baeti·

495 3557 649 3609 cam
675 3530 950 3625 rexisse,
963 3526 1329 3605 existimat
1349 3524 1658 3629 quidem
1691 3525 1957 3605 Guido
1972 3528 2395 3607 pancirolus
2420 3529 2509 3607 de
2525 3530 2721 3609 CYar.
2744 3530 2912 3635 Leg.
2936 3528 3201 3624 interp.

423 3655 432 3671 ¹
467 3638 555 3737 Ἰ.
577 3650 684 3728 38.
732 3657 876 3711 nec
899 3632 995 3709 de
1019 3626 1418 3731 Aquitania
1441 3624 1760 3705 diffentit
1781 3632 1967 3739 ᾼηε.
1994 3630 2185 3708 Dad.
2215 3628 2575 3711 Alteserra
2608 3634 2777 3710 Rer.
2792 3628 3049 3735 Aquit.
3066 3630 3115 3703 Ι
3118 3628 3203 3719 V,

493 3760 578 3815 n.
626 3804 637 3811 .
677 3735 818 3813 Ast
843 3734 1110 3811 nititur
1129 3754 1212 3807 ea
1238 3729 1588 3807 sententia
1621 3730 1674 3807 l.
1703 3756 1792 3808 ιι.
1819 3733 1921 3810 D.
1958 3733 2049 3810 de
2090 3730 2359 3831 custud.
2388 3754 2465 3809 et
2503 3732 2732 3812 exhib.
2766 3758 2953 3811 reor.
3004 3730 3055 3807 l.
3094 3753 3203 3820 14.

495 3839 593 3915 D.
627 3839 732 3915 ad
751 3838 878 3914 SC.
911 3836 1065 3911 Tur
1108 3834 1206 3911 ill.
1255 3834 1306 3910 l.
1329 3857 1402 3922 9.
1429 3832 1499 3929 §-
1526 3858 1605 3927 4.
1637 3832 1737 3907 D.
1770 3834 1858 3910 de
1875 3855 2086 3936 poen.
2139 3838 2192 3913 l.
2207 3860 2281 3929 7.
2308 3837 2377 3931 §-
2405 3859 2453 3912 1.
2496 3833 2593 3911 D.
2622 3840 2715 3912 de
2736 3831 2972 3933 accus-⁸
2990 3853 3067 3909 et
3090 3830 3204 3907 in·

353 3934 360 3939 ’
473 3938 619 4038 fir.
722 3937 848 4015 vbi
886 3935 1017 4041 qui
1071 3958 1194 4011 em
1223 3932 1506 4011 Saluius
1551 3932 1894 4035 quidam,
1946 3935 2227 4015 Saluius
2257 3937 2491 4015 Carus
2504 3988 2531 4029 ,
2580 3936 2863 4014 Saluius
2891 3934 3165 4015 Valens
3179 3984 3205 4025 ‚

493 4062 570 4117 et
591 4038 872 4118 Saluius
902 4036 1314 4115 Marcianus
1345 4056 1886 4131 memorantur,
1936 4038 2075 4139 qui
2098 4058 2351 4114 tamen
2374 4060 2465 4113 an
2493 4060 2663 4115 eum
2688 4038 2945 4115 nostro
2978 4036 3210 4115 iidem

491 4139 803 4237 fuerint,
852 4136 1258 4219 admodum
1293 4134 1758 4241 ambiguum,
1807 4139 2047 4215 immo
2069 4138 2253 4216 alios
2276 4138 2495 4247 plane
2520 4164 2605 4215 ac
2633 4138 2963 4218 diuersos
3000 4134 3209 4213 fififfe

491 4266 855 4351 perquam
879 4238 1294 4323 verofimile
1318 4236 1498 4333 effe,
1545 4238 1693 4321 iam
1722 4237 1936 4423 sil-fga
1955 4238 2312 4442 {liximuffi
2412 4243 2673 4395 Qum
2714 4266 2949 4350 porro
2992 4234 3209 4410 Ιυιξῗέ
3270 4382 3288 4413 Ι
