3825 4800
1932 2 1979 27 φ-

726 396 917 481 Lm.
962 398 1023 477 1.
1120 396 1348 479 cAP.
1400 396 1539 479 VI.
1588 396 1729 479 DE
1776 394 2194 479 EchIs
2244 394 2936 485 PRAETORVM.
3052 334 3212 517 '107

488 583 637 663 luis
668 602 1022 660 euertere.
1120 578 1485 661 Obseruat
1508 581 1748 678 enim,
1798 608 1928 661 eos
1956 582 2177 664 initio
2216 610 2332 665 ma
2387 586 2404 604 ⁸
2546 608 2668 667 tus
2703 584 2812 666 sui
2851 588 2926 667 iu
2946 582 3102 667 ,affe
3132 589 3211 673 in

487 686 727 791 legeS‚
774 682 1281 764 iusiurandum
1308 707 1491 763 vero
1522 686 1877 763 Romanis
1905 684 2112 766 suifle
2139 670 2678 769 sanehffumhn:
2783 691 2952 786 uin‘,
2993 714 3201 799 prae-

486 810 693 867 tores
722 811 864 894 pro
894 786 1025 864 reli
1076 787 1247 863 'one
1272 784 1393 865 sua
1424 786 1729 867 subinde
1753 784 2108 892 profefl'os
2119 846 2145 886 ,
2191 791 2376 869 nihil
2399 789 2475 869 se
2501 716 2922 870 admissquros
2949 794 3030 871 in
3058 794 3214 871 edi-

486 891 691 1001 ctum
704 944 730 985 ,
800 888 1015 993 quod
1026 814 1286 992 5¹wa
1294 916 1353 985 S,
1380 886 1774 1005 plebiscitis
1788 945 1813 985 ,
1874 892 2057 971 scis
2072 947 2098 986 ,
2165 891 2420 971 edi-stis
2465 919 2552 972 ac
2586 893 2898 973 decretis
2938 896 3218 999 princi-

484 1016 677 1101 pum
702 989 1215 1095 aduerffiretur.
1312 991 1457 1069 Sed
1474 990 1657 1093 quid
1685 990 1867 1073 haec
1884 991 1976 1069 ad
2001 998 2204 1072 rem?
2253 995 2380 1073 An
2404 996 2639 1075 maior
2659 994 2788 1074 vlli
2811 994 3210 1077 hominum

489 1096 743 1203 generi
781 1091 1245 1177 iurisiurandi
1294 1094 1555 1199 religio
1602 1090 1741 1169 esse
1784 1096 2032 1198 potest
2046 1151 2070 1190 ,
2138 1120 2364 1198 quam
2405 1096 2883 1177 Christianis?
2951 1100 3080 1177 An
3113 1098 3212 1177 de

492 1204 679 1279 Ioue
708 1196 841 1276 suo
863 1194 1309 1302 Capitolino
1340 1198 1729 1279 Romanos
1748 1196 2329 1299 magnificentius
2360 1220 2588 1304 putas·
2602 1197 2907 1295 senfiss'e,
2957 1224 3210 1319 quam,
3343 1280 3360 1291 ,

548 1303 627 1379 ui
672 1299 1157 1380 Christianam
1202 1300 1553 1403 pietatem
1590 1296 2074 1403 profitentur,
2145 1299 2245 1378 de
2283 1300 2454 1377 Deo
2492 1301 2790 1405 optimo
2832 1327 3161 1381 maximo
3176 1309 3212 1379 ἓ

558 1425 595 1481 t
618 1424 865 1480 tamen
905 1400 1315 1506 permultos
1358 1400 1553 1505 proh
1604 1398 1825 1475 dolor
1866 1400 2182 1507 reperias
2197 1457 2223 1497 ‚
2351 1403 2430 1480 ui
2471 1403 2938 1481 iureiurando
2950 1458 2974 1499 ,
3053 1426 3214 1481 tan-

494 1530 723 1609 quam
760 1502 977 1609 pueri
1006 1501 1293 1580 calculis
1309 1558 1334 1597 ,
1382 1501 1673 1579 ludunt.
1771 1503 1933 1582 Cur
1962 1527 2144 1580 vero
2169 1504 2470 1581 mehora
2513 1503 2886 1609 speremus
2931 1506 3026 1583 de
3053 1508 3214 1585 Ro-

496 1606 765 1702 maniS,
816 1607 1011 1683 inter
1034 1628 1229 1707 quos
1257 1629 1411 1683 non
1436 1604 1777 1700 deerant,
1840 1604 1974 1707 qui
2028 1603 2081 1681 fi
2126 1604 2555 1685 violandum
2593 1606 2766 1685 efl‘et
2807 1608 2918 1685 ius
2935 1663 2960 1703 ,
3025 1606 3210 1685 illud

490 1707 843 1815 regnandi
867 1706 1090 1785 causta
1123 1706 1550 1787 violandum
1566 1761 1592 1803 ,
1640 1730 1877 1787 cetera
1908 1705 2296 1786 colendam
2336 1706 2466 1785 reli
2519 1708 2768 1787 ‘onem
2867 1709 3212 1787 utabant?

494 1816 627 1891 An
652 1811 755 1889 ibi
786 1811 971 1889 meri
1000 1810 1252 1906 Curii,
1301 1810 1606 1888 Fabricii
1625 1866 1649 1905 ,
1698 1812 2030 1891 Catones
2061 1812 2282 1889 Lares
2317 1736 2758 1921 posgerant?
2857 1811 2950 1888 ed
2979 1813 3076 1890 ita
3095 1812 3206 1891 in-

490 1914 729 2021 eptire
752 1912 1061 1991 denium
1082 1910 1323 1989 solent
1345 1912 1726 2007 homines,
1774 1912 1907 2015 qui
1991 1938 2074 1991 er
2097 1938 2402 1994 omnem
2425 1934 2742 1993 aetatem
2769 1912 2906 1991 diu
2946 1912 3209 1993 noan-

493 2042 649 2121 que
678 2039 857 2092 cum
881 2013 1235 2091 Romanis
1250 2066 1273 2105 ,
1320 2012 1740 2089 mortalium
1768 2038 1899 2089 cor
1949 2012 2266 2091 atiffimis
2281 2068 2306 2107 ‚
2353 2014 2759 2109 versantur,
2826 2037 2912 2091 vt
2957 2016 3214 2092 ciuitass

488 2140 659 2197 tem
690 2114 1089 2217 quamdam
1116 2112 1395 2213 fingant
1416 2111 1899 2207 Platonicam,
1960 2134 2040 2189 et
2077 2111 2262 2188 serio
2305 2112 2603 2189 credant
2617 2168 2641 2207 ,
2708 2112 2936 2218 ipsam
2979 2116 3209 2191 virtu-

496 2242 664 2297 tem
688 2220 979 2294 Romae
1006 2212 1135 2291 fibi
1173 2210 1417 2289 sedem
1433 2267 1459 2307 ‚
1508 2212 1754 2290 exa&
1778 2214 1857 2290 in
1888 2210 2216 2291 exsilium
2235 2214 2340 2291 im
2393 2214 2706 2291 robitate
2718 2270 2742 2310 ,
2791 2216 3212 2293 constituis-

491 2318 611 2416 se,
718 2314 862 2395 uafi
888 2340 1043 2393 non
1068 2313 1411 2396 homines
1442 2315 1759 2403 Romani
1775 2371 1799 2410 ,
1846 2313 1972 2393 sed
1991 2316 2143 2411 Dii,
2177 2340 2317 2393 nec
2343 2337 2536 2393 mter
2560 2342 2688 2394 eos
2744 2316 3024 2395 fuerint
3059 2316 3212 2413 vni,

494 2423 638 2528 qui
700 2445 930 2498 ouem
956 2419 1021 2497 la
1078 2417 1281 2496 idem
1306 2416 1679 2513 iurassent,
1726 2417 1945 2513 dum,
1995 2417 2208 2522 quod
2251 2418 2890 2526 concupiscerent,
2956 2417 3212 2498 conse-

492 2523 924 2633 querentur.
1102 2519 1257 2596 uod
1284 2519 1375 2598 ad
1412 2518 1763 2598 formulas
1789 2519 1942 2598 illas
1979 2521 2279 2615 attinet,
2385 2522 2600 2600 uibus
2629 2522 2850 2628 legeS,
2877 2523 3210 2630 plebisci-

496 2653 612 2726 ta,
650 2631 827 2720 Sca,
876 2621 1108 2702 ediCta
1137 2621 1577 2726 decretaque
1656 2622 1837 2700 rinei
1892 2647 2024 2700 um
2061 2548 2527 2729 excipiebant
2565 2647 2974 2744 praetores:
3041 2625 3213 2703 fun·
3251 2651 3262 2668 ·

662 2727 749 2817 fit
782 2753 833 2805 o
888 2747 1126 2821 ortet‚
1245 2725 1325 2802 ui
1362 2749 1493 2802 eos
1542 2751 1621 2804 m
1680 2725 1695 2740 ‘
1770 2750 1809 2802 a
1864 2722 2112 2803 uersus
2153 2725 2350 2829 leges
2395 2726 2782 2805 adnnttere
2813 2725 3014 2834 poste
3057 2751 3214 2804 cre-
3382 2743 3408 2770 ··

499 2835 627 2912 dat
641 2887 665 2927 ‚
723 2855 857 2933 qur
893 2828 1022 2906 fibi
1060 2825 1181 2906 san
1250 2851 1327 2904 as
1382 2826 1535 2904 esse
1573 2826 1765 2931 leges
1779 2880 1804 2922 ‚
1870 2825 2318 2904 sollemniter
2419 2829 2878 2909 rotestantur.
3023 2832 3214 2918 Sane

556 2955 742 3010 uum
766 2955 843 3008 et
868 2933 928 3009 is
958 2928 1299 3008 aduersus
1337 2927 1533 3046 leges
1568 2927 1803 3006 facere
1846 2929 2224 3024 videatur,
2328 2955 2406 3008 ur
2437 2931 2622 3034 quid
2647 2932 2726 3008 in
2751 2955 3000 3010 earum
3016 2931 3214 3010 frau-
3281 3031 3288 3034 -

554 3061 679 3114 em
727 3031 937 3128 facit,
988 3031 1065 3108 id
1096 3031 1237 3124 est,
1341 3059 1416 3109 m
1428 3085 1451 3124 ,
1482 3028 1711 3132 fiduti-
1738 3033 1972 3110 'verba
1995 3031 2170 3134 legis
2183 3084 2209 3125 ‚
2238 2955 2676 3134 sgntentiam
2723 3033 2865 3109 eius
2905 3033 3210 3111 circum-

498 3138 706 3220 uenit
721 3162 749 3213 .·
798 3137 851 3214 l.
883 3161 985 3228 29.
1030 3134 1128 3211 D.
1156 3133 1243 3210 de
1281 3057 1513 3234 {giba
1542 3157 1767 3213 nemo
1804 3131 1970 3211 sane
2009 3133 2383 3236 negauerit
2396 3188 2418 3226 ,
2505 3156 2878 3240 praetores
2892 3189 2915 3228 ,
2979 3157 3212 3236 quan-

500 3261 983 3342 tamcumque
1066 3259 1185 3314 rae
1208 3231 1285 3311 se
1308 3235 1609 3313 tulerint
1634 3235 1883 3339 legum
1912 3235 2432 3331 reuerentiam,
2479 3233 2674 3340 leges
2701 3239 2985 3330 tamen,
3031 3257 3212 3342 pro-

503 3365 595 3422 ut
640 3340 931 3419 libitum
953 3261 1147 3450 aget,
1174 3335 1527 3416 euertiss'e.
1624 3339 1816 3416 Rem
1852 3343 2012 3415 vno
2049 3357 2134 3414 vt
2159 3334 2598 3420 illustremus
2637 3339 2988 3446 exemplo
3001 3393 3024 3432 ,
3071 3339 3217 3416 Le-

553 3471 631 3522 es
672 3445 819 3524 XII
863 3439 1320 3521 Tabularum
1357 3440 1639 3544 primos
1668 3440 1757 3518 ab
1780 3439 2127 3516 intestato
2155 3461 2599 3518 vocauerant
2635 3437 2804 3518 suos
2823 3493 2846 3535 ,
2907 3438 3215 3531 deinde,

528 3579 556 3626 ι
582 3545 749 3625 suus
776 3567 934 3622 non
957 3541 1129 3620 estet
1141 3596 1165 3637 ,
1214 3562 1513 3648 agnatos
1538 3542 1928 3648 proximos
1943 3595 1968 3634 ,
2015 3539 2354 3644 adeoque
2434 3541 2642 3620 rocul
2685 3542 2918 3620 dubio
2965 3539 3216 3616 exclu-

494 3651 617 3732 sos
643 3647 1030 3727 voluerant
1070 3645 1565 3750 emancipatos
1583 3697 1609 3738 ,
1656 3644 1787 3748 qui
1814 3643 1973 3720 iure
2002 3641 2202 3746 ciuili
2227 3569 2612 3723 nihifiurtis
2655 3643 3024 3724 habebant.
3055 3643 3121 3740 §-
3143 3661 3217 3732 9.

498 3748 668 3852 Inst.
708 3749 796 3829 de
824 3746 1063 3826 hered.
1090 3747 1197 3847 ab,
1220 3744 1451 3845 intest.
1597 3743 1808 3852 Qid
1851 3768 2038 3822 vero
2075 3745 2420 3822 Praetor?-
2465 3745 2832 3850 Qamuis
2875 3744 3220 3847 iniquum

499 3853 739 3948 effet‚·
763 3850 1261 3954 emancipatos
1288 3873 1461 3928 cum
1499 3844 1646 3927 suis
1677 3845 1934 3964 pattici
1989 3871 2070 3924 es
2107 3843 2269 3924 fieri
2305 3846 2766 3941 hereditatis,
2838 3870 3078 3949 quum
3111 3843 3224 3926 illi

497 3956 675 4064 post
710 3954 995 4031 emanti
1055 4032 1063 4042 ι
1090 3951 1373 4028 tionem
1404 3949 1568 4047 fibi,
1610 3947 1721 4027 sui
1753 3970 1944 4068 pam
1973 3945 2108 4025 suo
2135 3947 2384 4025 omnia
2413 3946 2984 4050 adquifiuiss‘ent:
3011 3949 3226 4028 Prae-

502 4078 630 4137 tor
653 4079 902 4149 tamen
930 4079 1007 4129 m
1038 4051 1193 4130 lido
1222 4049 1387 4130 vsus
1422 4049 1730 4130 consilio
1766 4051 1934 4128 1llos
1979 4047 2317 4128 fratribus
2361 4049 2556 4126 bona
2597 4050 2996 4130 aduentitia
3041 4075 3228 4130 con-

501 4159 672 4236 ferri
696 4157 924 4250 instit,
973 4157 1026 4244 Ι.
1068 4181 1117 4232 ι.
1134 4173 1255 4256 pr.
1284 4155 1352 4250 §.
1367 4181 1435 4248 5.
1464 4165 1523 4232 6.
1568 4155 1621 4231 l.
1651 4183 1711 4231 2.
1742 4155 1809 4252 Β.
1831 4177 1900 4245 5.
1931 4151 2029 4230 D.
2059 4151 2147 4228 de
2175 4154 2400 4231 collat.
2453 4173 2528 4229 et
2556 4152 2652 4234 fic
2683 4153 2822 4232 illis
2861 4151 3220 4232 deditbo-

505 4279 778 4376 norum
810 4255 1319 4368 poss'effionem
1350 4281 1447 4340 ex
1476 4254 1721 4340 edisto
1768 4277 1970 4440 νὸυε
2017 4279 2264 4338 mm
2309 4255 2364 4338 Ι.
2392 4281 2445 4340 ι.
2473 4255 2540 4358 S.
2571 4285 2644 4359 7.
2667 4257 2723 4340 l.
2749 4283 2812 4338 2.
2863 4257 2916 4338 l.
2945 4284 3024 4352 4·
3057 4255 3154 4332 D.
3152 4249 3234 4436 ξ

1736 4437 1741 4442 .
1925 4381 1970 4438 2
3081 4378 3162 4438 ta
3197 4371 3206 4378 ’
