3825 4800
684 427 872 513 Lm.
914 426 977 510 1.
1038 424 1267 555 m.
1314 424 1487 511 1111.
1563 426 1703 509 DE
1768 426 2148 553 REGNo
2193 427 2597 519 Lvnov..
2611 414 3026 565 ,navim
3076 444 3204 540 -εις

478 606 729 695 mium.
756 616 829 713 a)
927 614 1051 693 De
1093 614 1472 693 u'rnovtco
1507 612 1689 693 nihil
1734 614 2060 696 adhunc
2082 640 2360 697 annum
2389 637 2676 697 veteres
2690 671 2717 712 ,
2749 614 2900 697 flue
2926 602 3086 696 tum
3103 616 3194 697 il·-

474 716 548 797 le
578 718 659 795 in
682 714 1017 796 Boioaria
1041 711 1162 793 sua
1192 714 1601 810 delituerit,
1646 714 1796 816 flue
1822 719 1901 796 in
1925 721 2150 825 patris
2169 718 2394 799 filerit
2415 720 2796 804 comitatu.
2891 718 3190 799 Exfilua

310 834 363 923 J,
470 816 641 899 sane
690 817 1098 897 Arduenna
1128 818 1243 895 Im
1340 838 1538 895 rator
1579 818 1658 895 in
1702 820 2180 899 Germaniam
2239 821 2660 918 contendit,
2705 820 3188 925 hibernisque

467 918 933 1000 Francofilrti
959 918 1163 995 iuxta
1276 942 1556 997 oenum
1587 920 1853 1001 exactis
1885 921 2350 1006 orientalium
2365 926 2814 1003 Francorum
2844 918 3190 1029 prdcerec

470 1020 707 1101 adeffe
746 1020 975 1127 iuflit,
1024 1044 1440 1123 eorumque
1480 1020 1787 1101 confilio'
1824 1026 2158 1103 Auarum
2175 1078 2200 1117 ,
2237 1025 2623 1107 Slauorum
2638 1079 2663 1120 ,
2696 1026 3187 1119 Boemomm,
3249 1018 3258 1029 ’

473 1124 963 1205 Morauorum
993 1116 1247 1227 legatis
1278 1119 1677 1227 respondit,
1706 1148 1881 1203 cum
1906 1126 2368 1205 Normannis
2403 1126 2608 1231 pasta
2634 1124 2991 1221 firmauit,
3019 1124 3185 1205 alia·

474 1246 664 1331 que,
698 1248 887 1331 quae
914 1250 972 1301 ·e
1011 1222 1385 1329 republica
1410 1222 1653 1303 futura
1684 1225 2160 1322 videbantur,
2217 1225 2342 1306 dis
2377 1226 2591 1306 osuit.
2682 1230 2760 1307 A
2801 1252 2962 1329 quo
2999 1250 3183 1305 con-

471 1350 711 1409 uentu
760 1324 1055 1405 abfuifl‘e
1101 1350 1534 1405 Lvnovrcvm
1572 1327 1908 1405 nostrum
1923 1383 1948 1423 ,
1979 1330 2098 1407 cui
2123 1355 2288 1435 pars
2403 1329 2764 1409 ennaniae
2789 1328 2986 1406 haud
3012 1352 3182 1405 mo-

470 1431 633 1510 dica
666 1428 1001 1537 parebat,
1054 1428 1181 1505 vix
1208 1426 1557 1505 credibile
1584 1430 1718 1507 est.
1816 1432 2180 1509 Ceterum
2219 1430 2448 1509 iidem
2492 1430 2628 1520 scri
2683 1448 2884 1513 tores
2928 1430 3010 1529 b)
3039 1430 3182 1507 ob-

469 1532 762 1613 seruant
775 1586 799 1625 ,
828 1532 945 1609 Im
1082 1552 1493 1609 atoremeo
1516 1550 1856 1635 tempore
1870 1530 2238 1637 ,palatium
2262 1533 2484 1611 nouis
2519 1456 2902 1625 exssmffls,
2923 1529 3180 1611 aedifi·
3210 1546 3218 1554 '

400 1644 405 1653 ‘
470 1636 603 1715 ciis
650 1659 802 1711 exo
980 1658 1063 1728 e,
1134 1654 1219 1709 vt
1282 1632 1365 1709 in
1400 1656 1497 1709 eo
1548 1633 1873 1711 hiemem
1914 1658 2012 1711 eo
2055 1634 2530 1713 commodius
2571 1633 2870 1737 ,exigere
2917 1631 3180 1739 postet.
3278 1620 3296 1643 ⁸

472 1735 715 1843 Qod
746 1734 925 1813 ideo
964 1758 1275 1813 monere
1316 1732 1547 1813 visum
1560 1788 1585 1829 ,
1662 1734 1878 1837 quod
1911 1734 2068 1814 hoc
2096 1734 2337 1841 ipsum
2373 1734 2724 1839 palatium
2761 1758 3176 1815 Lvnovrcvs

468 1836 761 1933 noster,
808 1856 1113 1915 mortuo
1152 1842 1358 1941 patre
1372 1890 1396 1929 ,
1458 1832 1958 1941 frequentius,
2005 1862 2232 1942 quam
2267 1836 2502 1915 vllum
2537 1834 2769 1931 aliud,
2815 1835 3175 1915 inhabita-

470 1940 626 2036 uit,
678 1962 756 2017 et
782 1939 883 2017 ibi
931 1938 1085 2017 fere
1114 1937 1297 2015 lares
1326 1962 1410 2015 ac
1440 1961 1889 2043 perpetuum
1910 1937 2376 2017 domicilium
2399 1938 2802 2017 constituit.

718 2042 875 2121 XV
874 2043 935 2119 1·
982 2042 1190 2119 Dum
1218 2039 1400 2117 haec
1423 2040 1503 2117 in
1524 2061 1835 2144 Vtraque
1858 2040 2155 2121 Francia
2180 2040 2654 2157 gerebantur,
2701 2039 2783 2118 in
2797 2037 3172 2119 Pannonia

468 2147 858 2263 antiquum
891 2142 1273 2221 obtinebat
1286 2167 1743 2229 mvnnvrrvs,
1792 2164 1992 2221 tanta
2071 2144 2410 2247 ernnacia
2433 2141 2836 2221 detrestans
2855 2164 3172 2221 Lvnovt-

468 2276 544 2329 cr
574 2249 686 2327 Pi1
712 2245 1137 2349 imperium,
1163 2264 1247 2321 vt
1278 2263 1607 2319 extrema
1628 2243 1939 2346 quaeuis
1947 2242 2030 2321 su
2081 2244 2210 2339 ire,
2261 2266 2484 2347 quam
2511 2244 2602 2323 ad
2613 2243 3004 2349 pristinum
3032 2242 3176 2322 ob.-‘

460 2348 801 2470 sequium
829 2346 1065 2426 redite
1093 2342 1304 2424 malle
1329 2343 1727 2424 videretur.
1852 2344 1944 2424 Ei
1984 2370 2164 2450 ergo
2207 2368 2285 2426 et
2309 2346 2465 2425 hoc
2499 2369 2698 2426 anno
2739 2340 3168 2452 oppofitum

460 2455 491 2533 1
611 2475 777 2530 mus
811 2449 1087 2528 iustum
1114 2447 1521 2526 exercitum
1534 2501 1560 2542 ,
1612 2445 1747 2550 qui
1768 2466 1867 2526 ex
1907 2447 2108 2529 Italia
2139 2449 2220 2528 in
2245 2449 2700 2546 Pannoniam
2727 2447 2992 2552 irrupit
3007 2501 3033 2542 ,
3085 2467 3168 2540 et

462 2581 545 2636 re
594 2553 813 2632 ellem
839 2552 1029 2631 adeo
1054 2548 1482 2655 perterruit,
1524 2571 1613 2628 vt
1636 2573 1735 2626 ne
1760 2550 1845 2628 in
1867 2547 1990 2628 sua
2035 2549 2342 2654 quidem
2382 2551 2716 2644 ciuitate,
2767 2570 3168 2654 quantum-

461 2660 579 2738 uis
606 2652 1099 2748 mmiitiffima,
1200 2675 1375 2728 uam
1405 2675 1721 2730 SCISSIAM
1770 2657 1845 2752 c)
1890 2673 2116 2731 vocat
2131 2675 2516 2732 mauvia
2569 2673 3169 2742 mmmmoavn

458 2755 751 2854 anaor,
797 2753 881 2854 d)
920 2751 1051 2834 fibi
1075 2752 1239 2832 fans
1264 2773 1473 2828 tutus
1492 2751 1890 2831 videretur.¹
1936 2813 1972 2831 .,
2015 2757 2277 2856 Itaque
2307 2755 2388 2832 in
2415 2752 2664 2870 fugam
2691 2751 2765 2830 se
2793 2751 3038 2846 dedit,
3085 2773 3167 2830 et

462 2883 551 2942 vt
587 2859 671 2944 in
705 2856 1069 2941 Dalmatia
1108 2856 1387 2934 interea
1421 2851 1877 2934 delitesceret
1899 2908 1930 2951 ,
2005 2855 2390 2938 Sorabicae
2426 2851 2820 2938 cuiusdam
2846 2849 3164 2972 ciui-tude

452 3022 465 3039 .
2225 2973 2232 2983 ·
2893 2979 3172 3062 princi-

664 3177 774 3255 Ex
812 3193 953 3270 qno
1000 3169 1325 3246 schemate
1380 3186 1611 3262 patet,
1672 3191 2190 3247 tncunvmm
2249 3169 2436 3244 mam.
2471 3191 2563 3244 ex
2597 3193 2674 3245 ea
2707 3187 2908 3266 gente
2925 3163 2962 3254 ‚¹
2979 3189 3168 3262 quae

756 3277 980 3373 postea
1014 3277 1085 3344 in
1130 3272 1389 3346 Francia
1409 3277 1747 3366 regnauit,
1772 3295 1845 3346 et
1870 3275 2108 3361 hodie,
2151 3275 2584 3370 adplaudente
2620 3253 2888 3366 Eut-opi
2901 3323 2922 3354 ,
2955 3264 3173 3374 felici&

764 3399 870 3452 ter
905 3397 1169 3472 regnat,
1218 3374 1568 3468 prodiiss’e,
1595 3395 1669 3447 et
1690 3377 1926 3448 marito
1949 3377 2066 3462 suo
2105 3379 2346 3471 quinto
2375 3377 2583 3472 gradu
2612 3376 2816 3448 lineae
2849 3373 3166 3466 obliquae

624 3491 644 3510 ⁸
756 3479 1108 3576 inaequalis
1134 3475 1525 3572 cognatione
1551 3478 2072 3551 innfflmffuiffe.
2619 3511 2658 3540 ,-
2754 3503 2765 3510 -
2869 3529 2872 3534 .

604 3585 694 3680 ι)
722 3582 955 3656 Annal.
986 3581 1227 3649 Bertin.
1258 3579 1340 3648 ad
1368 3599 1513 3650 ann.
1545 3593 1693 3655 822.
1738 3582 1891 3652 Vita
1929 3581 2190 3653 Ludou.
2220 3603 2294 3676 p.
2321 3593 2456 3676 378.

598 3689 647 3758 b
728 3685 889 3766 Vita
919 3679 1243 3752 Ludouici
1268 3701 1333 3772 p.
1360 3701 1501 3768 379.
1548 3686 1728 3782 Ann.
1757 3679 2000 3754 Bettin.
2041 3686 2122 3754 ad
2149 3707 2292 3759 ann.
2321 3695 2464 3762 822.

596 3789 669 3879 c)
714 3786 893 3861 Vrbs
924 3783 1089 3856 haec
1122 3781 1483 3852 Pannoniae
1504 3779 1853 3877 superioris
1882 3786 2088 3856 Plinio
2119 3785 2418 3857 55:111.
2463 3789 2618 3870 Cap.
2651 3783 2858 3858 XXV.
2928 3805 3158 3872 utcu,

510 3891 517 3898 ’
763 3885 1069 3961 Straboni
1099 3882 1241 3958 Lib·
1272 3878 1421 3954 vu.
1452 3904 1521 3978 p·
1547 3909 1671 3972 ²¹7·
1724 3889 2005 3971 Συωιία,
2055 3887 2426 3959 Ptolemaeo
2441 3938 2464 3972 ,
2519 3887 2776 3960 Velleio
2791 3887 3155 3970 Pateteu10‚

758 3984 1161 4068 Prudentio,
1206 3981 1489 4068 Zofimo,
1534 3983 1723 4082 saepe
1749 4005 2102 4058 memorata
2133 3991 2214 4059 ad
2253 3990 2514 4085 Colapis
2554 3987 2740 4062 fluuii
2775 3987 3046 4074 estium,
3087 4005 3164 4060 et

694 4147 711 4178 ⁴.
752 4091 821 4162 in
850 4088 1099 4162 australi
1124 4087 1307 4169 Sani,
1366 4105 1439 4158 et
1470 4087 1713 4161 'ansulae
1771 4087 2132 4183 Segestica
2170 4092 2313 4188 ripa
2371 4087 2494 4186 fita,
2521 4087 2638 4165 est.
2733 4092 2889 4166 Vid.
2925 4091 3162 4166 cellar.

760 4193 1003 4288 Geogrg
1018 4203 1151 4258 ant.
1177 4187 1320 4255 Lib.
1346 4189 1435 4255 II.
1468 4193 1621 4276 Cap.
1664 4192 1838 4266 Vm.
1858 4205 1933 4280 p.
1945 4195 2092 4280 Ποῖ
2891 4205 2904 4221 “
3051 4194 3060 4206 “

596 4294 675 4388 d)
722 4293 835 4370 Ad
862 4291 1039 4368 hunc
1066 4311 1215 4364 ann·
1241 4301 1380 4368 822.
1409 4311 1477 4386 p.
1512 4313 1653 4385 ¹79·

1212 4453 1249 4488 0
1506 4483 1511 4490 .
