3825 4800
720 414 911 497 Lm.
955 412 1016 496 1.
1116 412 1343 498 cAP.
1388 370 1528 497 vr.
1576 408 1715 495 DE
1762 406 2184 496 Emc'ris
2243 404 2936 527 PRAETonM
3123 440 3242 521 ,ος

510 598 608 677 tis
634 598 1041 681 innumeris
1076 600 1417 705 quotidie
1446 600 1733 706 decipi,
1780 602 1968 705 quin
2011 620 2196 677 tunc
2227 597 2301 679 se
2345 598 2742 704 aliquando
2776 600 3236 691 liberrimum
3331 606 3342 615 “

504 724 809 807 putare,
836 702 1019 785 dum
1056 704 1185 785 sub
1217 707 1477 811 iugum
1504 704 1826 781 mittitur
1851 701 2276 807 turpiffime.
2375 703 3042 811 Qemadmodum
3057 734 3236 817 ergo

508 806 641 883 Au
742 804 893 882 stus
919 806 1104 885 nihil
1136 808 1381 886 minus
1414 830 1589 912 prae
1628 803 1701 883 se
1738 804 2055 901 ferebat,
2107 828 2336 909 quam
2363 805 2576 911 quod
2615 804 2928 887 libertati
2959 812 3236 895 struere

502 903 637 982 infi
692 907 789 985 ias
818 908 1023 1005 velit,
1050 936 1299 1013 neque
1326 908 1645 989 Romani
1670 905 1745 984 se
1773 909 1841 985 ei
1868 932 2196 1011 vnquam
2218 908 2298 985 in
2325 904 2751 987 seruitutem
2779 910 3236 1012 addixerant,

498 1018 581 1085 ‘et
612 1006 735 1085 ille
758 1032 1007 1089 tamen
1022 1068 1047 1108 ,
1106 1014 1265 1091 non
1294 1012 1723 1089 aduertente
1752 1010 2046 1115 populo
2059 1064 2082 1103 ‚
2126 1010 2496 1112 insicrgere
2512 1015 2900 1114 paullatim
2915 1070 2939 1109 ‚
2989 1040 3065 1096 et
3075 1044 3234 1097 mu-

504 1110 635 1187 nia
646 1108 973 1211 sehatm,
1020 1102 1569 1217 magistratuum
1583 1166 1607 1206 ,
1655 1138 1903 1191 LEGvM
1935 1113 2012 1189 in
2017 1110 2106 1213 [ἑ
2118 1110 2413 1191 trahere
2447 1113 2705 1215 coepit,
2727 1121 2736 1133 '
2755 1118 2938 1194 nullo
2961 1121 3226 1198 aamer-

486 1208 745 1313 sante:
790 1216 975 1293 teste
1004 1219 1285 1296 Tacito
1316 1218 1583 1294 Annal.
1610 1218 1671 1310 1⁵,
1697 1244 1758 1294 2.
1805 1216 1907 1293 ita
1957 1238 2116 1291 non
2141 1214 2415 1292 mirum
2457 1212 2623 1293 sane
2659 1216 2802 1311 est,
2854 1216 2906 1295 fi
2933 1242 3229 1325 praeto-

502 1338 641 1406 res
658 1338 911 1397 contra
962 1346 1071 1425 po
1124 1318 1229 1397 uli
1272 1319 1735 1399 voluntatem
1774 1340 1972 1395 noua
2013 1317 2168 1393 iura
2207 1316 2616 1395 statuerunt
2631 1372 2655 1413 ,
2701 1344 2800 1396 ne
2855 1344 2950 1397 ue
2979 1342 3230 1403 tamen

498 1412 583 1493 id
609 1420 1125 1500 animaduertit
1148 1422 1475 1526 populus
1492 1474 1515 1513 ,
1564 1444 1661 1497 eo
1696 1419 2054 1524 deceptus
2085 1417 2572 1525 sophismate,
2635 1446 2742 1535 qu
2872 1428 3228 1529 praetori-

496 1518 637 1595 bus
663 1520 779 1598 ius
810 1522 932 1618 fit,
978 1524 1370 1604 atliuuandi
1385 1578 1410 1618 ,
1437 1520 1822 1627 stepplendi
1836 1522 2390 1628 wrrigendique
2413 1522 2516 1603 ius
2543 1523 2754 1601 cimle
2775 1530 3228 1630 proptervti-

497 1620 787 1703 litatem
802 1628 1185 1729 publicam.
1290 1643 1298 1653 ”

1100 1748 1115 1757 ·
1676 1729 1745 1827 §-
1805 1726 2053 1805 XXII.

898 1829 1254 1933 Eiusdem
1280 1824 1550 1905 farinae
1580 1831 1685 1907 est
1710 1828 2058 1924 alterum,
2105 1829 2392 1931 quovit
2419 1823 2834 1908 clariffimus
2857 1831 2926 1930 §.
2950 1832 3062 1909 VI.
3081 1831 3226 1911 vti·

496 1946 659 2021 tur,
705 1950 1217 2031 argumentum
1234 1985 1257 2024 ‚
1300 1952 1387 2007 vt
1422 1928 1729 2032 probet,
1794 1948 2170 2037 praetores
2201 1952 2352 2011 tam
2393 1930 2892 2009 fraudulenter
2933 1932 3012 2010 in
3060 1934 3223 2013 iure

496 2028 902 2107 condendo
930 2032 1193 2109 versari
1216 2052 1375 2107 non
1454 2032 1735 2109 otuisse.
1864 2032 2178 2109 Mirifice
2225 2035 2428 2110 enim
2459 2034 2604 2108 iam
2641 2032 2930 2109 laudare
2957 2034 3224 2140 incipit

496 2152 754 2215 curam
776 2131 1149 2235 publicam
1178 2132 1360 2207 ciroe
1422 2130 1760 2209 cribenda
1789 2131 2020 2207 edicta
2051 2132 2450 2221 adhibitam
2464 2184 2488 2223 ,
2533 2130 3043 2235 obseruatque
3065 2138 3224 2213 Ro-·'
3359 2154 3368 2161 ·

500 2250 765 2307 manos
792 2234 1033 2310 varios
1062 2230 1349 2311 limites·
1366 2229 1680 2335 posuisse
1705 2232 2051 2339 potesta}
2097 2234 2464 2311 ‘raetorise
2526 2235 3096 2337 Praetoremque
3129 2236 3224 2316 ad

494 2330 883 2414 confilium
898 2390 923 2437 ‚
973 2336 1209 2414 immo
1242 2357 1321 2413 et
1333 2336 1706 2431 Senatum,
1758 2334 2026 2414 referre
2103 2334 2374 2415 ebuiffe
2407 2360 2520 2414 res
2551 2336 2848 2414 maioris
2871 2359 3220 2419 momen-

492 2438 557 2514 ti
574 2489 597 2531 ,
648 2459 732 2513 ac
760 2437 1077 2546 proinde
1104 2437 1247 2515 hos
1275 2435 1387 2515 sae
1444 2463 1485 2514 e
1514 2436 1661 2556 ipla
1700 2441 1860 2518 Sea
1891 2437 2144 2518 ediffls
2185 2435 2330 2517 suis
2367 2439 3028 2544 comprehendiffe:
3094 2442 3222 2521 ali-

492 2541 801 2642 quando
826 2539 1244 2644 edixiflede
1274 2565 1369 2618 co
1420 2542 1567 2644 egil
1593 2541 2014 2620 Tribunicii
2027 2539 2403 2636 sententia,
2451 2542 2588 2645 qui
2641 2567 2742 2648 pe
2765 2543 2975 2646 quod
3001 2564 3082 2622 et
3101 2546 3216 2624 in·-
3271 2581 3278 2586 ·

488 2643 869 2722 tercedere
918 2643 1251 2750 potuerit
1275 2699 1301 2739 ,
1380 2642 1432 2721 fi
1554 2643 1687 2720 uid
1742 2647 2118 2738 Praetores
2171 2642 2514 2724 aduersus
2555 2565 2764 2748 lgges
2813 2645 3217 2727 edixissent.

489 2739 867 2826 Praeterea
906 2744 1233 2852 ostendit
1248 2799 1271 2838 ,
1328 2747 1515 2826 Con
1542 2743 1699 2823 ules
1798 2759 2056 2926 usique
2093 2745 2550 2824 intercedere
2587 2747 2906 2864 potuiss'e
2933 2748 3037 2826 ini
3097 2749 3216 2828 uis
3283 2749 3289 2756 ’

490 2869 919 2952 praetorum
951 2847 1267 2924 decretis
1285 2901 1309 2942 ‚
1358 2867 1501 2924 nec
1536 2869 1719 2926 ratas
1796 2849 1864 2924 u'
1927 2873 1970 2924 e
2011 2871 2278 2926 eorum
2313 2845 2702 2933 sententias
2733 2848 2851 2926 vel
2877 2849 3032 2927 iniu
3099 2873 3214 2946 οε,

490 2949 615 3026 vel
642 2977 737 3029 ex
764 2975 1013 3030 errore
1036 2951 1249 3044 latas,
1295 2949 1539 3028 multo
1594 2975 1691 3027 ue
1724 2951 1968 3028 minus
1995 2973 2090 3027 eo
2117 2947 2355 3054 Ysque
2383 2949 2678 3027 valuisse
2711 2953 3071 3054 praetoris
3099 2977 3214 3029 ar-

485 3051 789 3132 bitrium
805 3110 829 3149 ,
876 3073 965 3131 vt
984 3051 1267 3131 iudices
1296 3075 1445 3157 pro
1477 3077 1513 3129 a
1601 3054 1775 3129 itrio
1799 3051 1971 3129 dare
2001 3051 2354 3170 potuerit.
2403 3051 2756 3228 Den‘issue
2786 3055 3211 3132 Praetorem

484 3153 611 3230 vel
637 3157 957 3235 maxime
985 3155 1067 3232 in
1092 3151 1355 3232 officiis
1382 3155 1767 3232 continere
1810 3151 2132 3230 debmffe
2181 3152 2550 3230 existimat
2673 3152 2936 3231 istum:
3001 3178 3223 3248 oxon

458 3277 802 3350 ‘OEISQJIE
854 3282 1041 3337 1v1us
1088 3281 1169 3335 m
1219 3281 1565 3335 AervM
1610 3281 1973 3349 ετΑτνῐτ,
2024 3281 2130 3334 vr
2179 3279 2325 3332 mse
2373 3277 2620 3332 nonam
2669 3281 2829 3333 mus
2876 3283 3234 3354 vrarvns

480 3381 627 3437 nec
656 3369 815 3440 non
842 3353 1037 3465 leges
1068 3359 1163 3439 de
1194 3382 1273 3436 re
1328 3357 1661 3452 etundis,
1724 3377 1803 3434 et
1841 3355 2162 3462 asperam
2201 3355 2669 3434 tribunorum
2681 3357 2932 3473 plebis
2973 3359 3210 3437 anim-

480 3461 989 3542 aduerfionem
1006 3517 1029 3559 ,
1070 3485 1263 3566 quae
1288 3459 1433 3540 1llis
1462 3485 1620 3539 non
1648 3457 1885 3537 modo
1916 3457 2131 3537 finito
2156 3459 2610 3562 magistratu,
2657 3459 2783 3538 led
2819 3483 2897 3538 et
2921 3485 3020 3537 eo
3063 3461 3206 3540 du·-

478 3587 725 3661 rante‚
767 3565 1267 3660 imminuerit,
1315 3561 1367 3640 fi
1400 3563 1583 3666 quid
1615 3559 1958 3640 aduersus
1997 3561 2066 3638 le
2113 3587 2190 3640 es
2237 3562 2652 3641 statuifl'ent.
2795 3563 2952 3644 Hic
2976 3561 3210 3642 multa

479 3669 894 3751 accumulat
920 3667 1235 3762 vindex,
1285 3691 1475 3769 quae
1502 3689 1765 3772 parum
1790 3658 2012 3741 solida
2075 3685 2243 3758 unt,
2287 3687 2426 3741 nec
2453 3665 2833 3770 pauciora,
2883 3689 3076 3768 quae
3090 3665 3204 3742 ni-

480 3772 593 3854 hil
622 3769 901 3850 faciunt
926 3769 1016 3845 ad
1047 3769 1411 3868 Edistum.
1532 3771 1823 3846 Verum
1908 3765 2162 3844 uidem
2198 3767 2306 3843 est
2326 3821 2350 3860 ,
2401 3767 2480 3844 in
2509 3769 2670 3870 iure
2713 3767 3042 3846 dicundo
3069 3765 3205 3873 ipsi

480 3873 867 3954 confilium
894 3869 1191 3949 adfuiffe
1218 3872 1710 3951 Decemuiros
1733 3869 2048 3947 stlitibus
2066 3867 2518 3946 iudicandis:
2567 3869 2693 3946 sed
2721 3869 3030 3947 eosdem
3075 3869 3204 3948 ad-

478 3976 760 4058 hibitos
788 3975 879 4053 ad
904 3971 1275 4052 scribenda
1306 3972 1562 4068 edicta,
1607 3970 2068 4050 falfisfimum.
2117 3969 2346 4048 Reece
2375 3969 2644 4047 deinde
2675 3971 2970 4068 dixeris,
2989 3977 3206 4051 Prae-

474 4104 727 4160 torem
760 4104 873 4156 res
900 4075 993 4154 ad
1024 4074 1547 4180 rempublicam
1572 4075 2028 4180 pertinentes
2055 4069 2147 4149 ad
2173 4073 2522 4150 Senatum
2561 4073 2906 4152 retulisse:
2959 4075 3075 4152 vel
3101 4073 3201 4152 de

472 4181 853 4262 eiusmodi
887 4180 1103 4257 rebus
1132 4203 1229 4255 ex
1256 4178 1561 4256 decreto
1586 4181 1895 4256 Senatus
1926 4171 2257 4269 edixisse,
2327 4198 2425 4251 eo
2455 4177 2656 4253 enim
2689 4179 3062 4282 pertinent
3088 4179 3200 4256 Μ.
3309 4257 3317 4262 .

474 4282 684 4366 Retii
696 4337 719 4376 ,
741 4280 1125 4391 praetoris,
1147 4279 1616 4384 aliorumque
1636 4279 1978 4386 exempla
2003 4275 2202 4386 apud
2228 4277 2400 4361 Liu.
2409 4279 2667 4376 XLIII,
2679 4292 2770 4376 Β.
2797 4279 3201 4368 XXXIL26.

517 4379 1415 4490 .(a2m.0pust:.120stum.
1452 4383 1751 4482 Tama.)
2157 4379 2240 4459 o
2979 4381 3202 4477 XLII,
3445 4344 3476 4351 ”
