3825 4800
557 399 744 493 LIB-
788 399 886 480 Π.
935 391 1534 480 CAP.1V.DE
1581 392 2069 478 Avc‘ron
2124 395 2375 476 om).
2408 397 2571 476 ET
2618 329 3021 478 ΜΑτΕκζ
3071 405 3264 498 269·

493 587 676 666 toris
705 581 1110 662 admodum
1141 577 1510 699 perspicua
1541 579 1805 676 effent,
1873 581 2245 660 materiam
2292 579 2555 686 ipsam,
2604 560 2999 686 praemiffis
3026 577 3213 658 defi-

381 737 387 742 ·
491 686 960 780 nitionibUS,
1001 682 1650 788 deuifionibusque
1667 739 1690 779 ,
1751 685 1834 762 in
1871 705 2069 762 certa
2112 683 2347 790 mpita
2390 683 2699 790 partitus
2716 736 2743 777 ,
2788 681 3211 786 fingulaque

415 872 426 882 ,
489 811 822 873 accurate
869 785 1318 888 exsequutus
1381 787 1528 878 est,
1575 811 1714 863 ceu
1741 785 1969 863 docet
1994 784 2429 890 exemplum
2458 787 2513 864 l.
2546 811 2599 864 ι.
2626 787 2695 882 §.
2732 812 2783 863 1.
2819 785 2919 862 D.
2972 783 3061 861 de
3074 775 3247 884 fif

475 896 676 1002 speci.
725 915 866 971 tut.
1015 892 1324 993 Qanto
1361 889 1708 992 adparatu
1753 889 1832 964 in
1881 887 2387 965 elucubrando
2438 887 2723 975 eximio
2770 887 2921 964 hoc
2978 909 3209 990 opere

493 997 658 1076 vsus
707 993 794 1070 fit
857 991 1258 1095 leianuS,
1336 989 1455 1068 vel
1525 1013 1622 1068 ex
1666 1015 1766 1067 eo
1818 989 2225 1107 intelligere
2248 990 2394 1085 est,
2464 987 2679 1092 quod
2717 985 2765 1064 s
2944 989 3009 1068 is
3051 985 3207 1066 stre

382 1098 390 1104 ’
491 1097 774 1208 paginis
829 1117 986 1172 non
1045 1091 1290 1168 modo
1333 1117 1560 1194 quam
1611 1091 1925 1198 plurima
1972 1091 2245 1186 edicta,
2313 1091 2603 1170 decreta
2619 1145 2649 1186 ,
2714 1115 2793 1168 re
2822 1089 3205 1208 criptaque

489 1199 946 1383 {ffiffin’
992 1191 3227 1378 sffitessgi'cigiff‘ssiuffssssffffitssffiffissssnffisffliffi?‘

487 1407 606 1487 Sic
639 1401 804 1480 sane
839 1352 932 1504 pa
985 1423 1091 1477 im
1115 1397 1357 1476 laudat
1379 1399 1947 1476 constitutiones
1971 1396 2139 1476 Iulii
2160 1401 2315 1480 Cae
2346 1398 2507 1493 aris,
2522 1397 2863 1502 Augusti,
2880 1395 3203 1489 Claudii,

487 1507 656 1588 Titi
673 1561 698 1600 ,
749 1499 1194 1594 Domitiani,
1245 1503 1582 1593 Neruae,
1632 1500 1975 1594 Traiani,
2012 1499 2389 1594 Hadriani,
2438 1499 2805 1580 Antonini
2854 1499 2963 1578 Pii
2980 1551 3006 1592 ,
3062 1497 3203 1575 Di·

485 1633 756 1688 uorum
771 1607 1125 1695 Fratrum,
1175 1605 1408 1681 Marci
1423 1601 1708 1682 Aurelii
1722 1602 2091 1681 Antonini
2105 1658 2135 1697 ,
2178 1601 2628 1698 Commodi,
2678 1600 2885 1680 Didii
2917 1599 3203 1692 Iuliani,

487 1707 774 1803 Seueri,
835 1729 912 1784 et
949 1704 1322 1783 Antonini
1361 1704 1788 1784 Caracallae.
1948 1707 2067 1806 Ex
2106 1703 2437 1783 melioris
2478 1705 2639 1783 aeui
2668 1701 3197 1808 legislatoribus

481 1810 1048 1911 austoribusque
1098 1806 1125 1884 i
1181 1803 1234 1882 li
1277 1805 1528 1912 paffim
1574 1805 1971 1886 laudantur
2016 1807 2407 1895 Homerus
2431 1861 2463 1904 ,
2534 1806 2769 1886 Solon
2782 1831 2823 1900 ·,
2906 1807 3157 1885 Draco
3172 1855 3199 1898 ,

481 1919 983 2020 Hippocrates
997 1953 1022 2001 ‚
1165 1909 1402 2002 icero,
1469 1913 1596 2008 Au
1815 1935 1850 1986 s
1897 1909 1979 1986 in
2037 1910 2187 1987 vita
2236 1907 2359 1988 sua
2388 1941 2419 2010 :-
2490 1912 2613 1988 Ex
2667 1905 3199 1988 iurisconsultis

485 2021 686 2100 Cato
701 2069 724 2107 ,
773 2016 1042 2090 Brutus
1058 2061 1088 2099 ,
1128 2007 1448 2084 Rutilius
1474 2011 1590 2084 Ru
1675 2033 1712 2083 s
1725 2062 1750 2101 ,
1797 2007 2177 2108 Aquillius
2206 2007 2535 2104 Gallus,
2578 2013 2937 2114 QMuc.
2984 2011 3197 2086 Sme-

483 2119 660 2196 uola
676 2167 698 2208 ,
757 2115 907 2189 Ser.
967 2107 1324 2212 Sulpitius
1338 2161 1362 2198 ‚
1435 2107 1751 2184 Alfenus
1811 2113 2055 2183 Varus
2072 2161 2099 2201 ,
2168 2107 2411 2185 Aulus
2472 2109 2747 2186 Ofilius
2763 2161 2793 2200 ,
2849 2106 3201 2202 Aufidius

483 2211 806 2300 Namusa
819 2267 842 2305 ,
909 2211 1150 2289 Cinna
1166 2262 1190 2302 ,
1250 2205 1622 2300 Publicius
1687 2207 1984 2303 Gellius
2006 2261 2038 2302 ,
2092 2208 2533 2304 Trebatius,
2598 2205 2987 2289 Cascellius
3000 2261 3027 2300 ‚
3093 2209 3232 2317 Q

479 2317 744 2403 Aelius
805 2312 1125 2392 Tubero
1145 2365 1174 2405 ,
1245 2309 1517 2388 Ateius
1568 2309 1860 2414 Capito
1883 2364 1918 2405 ,
1992 2307 2381 2413 Maflhrius
2442 2311 2755 2390 Sabinus
2778 2363 2809 2407 ,
2878 2305 3157 2394 Caffius
3170 2361 3200 2405 ,

480 2420 687 2504 Cael.
735 2417 1078 2509 Sabinus,
1124 2412 1415 2508 Labeo,
1479 2412 1842 2491 Proculus
1885 2416 2185 2508 Nerua,
2240 2412 2587 2517 Pegafiis,
2646 2412 2909 2495 Celfits
2953 2433 3198 2520 pater,

477 2522 798 2605 Plautius
861 2516 1254 2599 Atilicinus
1283 2569 1306 2609 ,
1374 2514 1722 2594 Vitellius
1751 2568 1779 2609 ,
1853 2516 2213 2593 Arrianus
2240 2570 2265 2609 ,
2342 2518 2748 2612 Caruilium.
2798 2516 3155 2596 Minicius
3168 2568 3195 2610 ,

473 2622 918 2706 Puteolanus
931 2674 958 2714 ,
1025 2618 1266 2697 Aulus
1280 2672 1305 2711 ,
1371 2614 1674 2697 Vrleius
1737 2620 2022 2711 Ferox,
2082 2616 2355 2697 Pedius
2368 2674 2396 2714 ,
2457 2623 2562 2699 Τ.
2612 2619 2865 2699 Aristo
2878 2672 2903 2713 ,
2948 2617 3199 2697 Fului-r

473 2731 638 2807 nius
701 2721 978 2803 Priscus
992 2776 1022 2815 ,
1079 2720 1423 2799 Valerius
1469 2720 1822 2815 Seuerus,
1889 2720 2216 2799 Vindius
2258 2723 2623 2801 Viuianus
2638 2776 2661 2818 ,
2724 2720 3155 2801 Oc‘iauenus
3168 2772 3193 2813 ,

329 2834 350 2851 '
477 2830 832 2921 Iulianus,
894 2823 1283 2917 Neratius,
1336 2820 1734 2902 Iauolenus
1748 2874 1770 2917 ,
1831 2820 2096 2901 Volui:
2150 2824 2575 2903 Maecianus
2598 2880 2625 2921 ,
2690 2822 3151 2929 Pomponius
3165 2875 3194 2916 ,

482 2929 866 3011 Afficanus
880 2981 904 3022 ,
965 2923 1392 3018 Marcellus,
1441 2922 1844 3003 Ceruidius
1902 2922 2279 3019 Scaeuola,
2343 2928 2779 3029 Papinianus
2796 2980 2821 3020 ‚
2880 2921 3199 3005 Terrul-·
3250 3018 3257 3025 .

477 3033 736 3129 lianuS,
787 3028 1232 3121 Marcianus,
1279 3028 1446 3104 Iun.
1491 3026 1983 3105 Mauricianus
2002 3078 2027 3121 ,
2076 3026 2336 3102 Arrius
2402 3028 2845 3122 Menander,
2906 3027 3189 3135 QSa-

477 3137 813 3215 tui-ninus
835 3187 862 3227 ,
917 3152 998 3208 et
1037 3126 1542 3222 Modestinus,
1589 3149 1674 3203 vt
1723 3128 1892 3205 alias
1934 3127 2275 3203 omittam
2316 3128 2672 3205 micantes
2696 3128 2777 3205 in
2808 3130 2925 3206 his
2950 3126 3187 3205 aureis

477 3238 672 3315 libris
701 3234 970 3340 priscae
999 3232 1388 3333 variaeque
1413 3228 1846 3307 eruditionis
1869 3224 2305 3305 scintillulas·
2402 3230 2709 3309 Vtinam
2742 3255 2924 3309 vero
2992 3226 3193 3307 aullo'

478 3338 894 3443 diligentius
950 3335 1230 3435 vbique
1285 3332 1644 3411 librorum
1709 3352 2107 3407 numerum
2144 3328 2507 3409 notaffent
2548 3354 2677 3411 aut
2709 3332 2859 3436 Dig
2966 3354 3189 3409 orum

479 3439 900 3519 conditores
914 3493 940 3533 ,
1011 3454 1146 3514 aut
1181 3435 1318 3537 qui
1357 3457 1444 3511 ea
1483 3428 2057 3538 descripserunt,
2113 3431 2401 3514 librarii.
2548 3435 2825 3527 Multis
2848 3434 3049 3512 enim
3074 3430 3191 3510 lo-
3277 3450 3293 3461 ·

477 3544 580 3620 cis
609 3542 818 3620 illum
847 3540 930 3617 in
957 3536 1240 3615 mendo
1264 3536 1572 3630 cubare,
1607 3534 1760 3613 aliis
1787 3534 2063 3617 variare
2082 3533 2483 3633 editiones,
2536 3536 2725 3617 infra
2756 3534 3009 3645 paffim
3050 3532 3192 3609 ob-

473 3643 974 3738 seruauirnuS,
1015 3662 1444 3745 magnoque
1485 3634 1738 3716 studio
1781 3635 2229 3716 medicinam
2260 3636 2367 3717 illi
2408 3640 2687 3719 morbo
2730 3638 3147 3745 parauirnus
3162 3686 3191 3729 ,

471 3770 565 3825 an
598 3744 907 3859 feliciter
952 3740 1116 3823 satis
1129 3795 1154 3838 ,
1211 3740 1270 3819 ii
1297 3738 1657 3834 viderint,
1723 3740 2003 3847 quibus
2032 3738 2201 3819 talia
2235 3764 2399 3821 non
2432 3743 2655 3849 plane
2687 3741 2857 3822 sunt
2894 3741 3191 3819 incom-

471 3870 699 3956 Pem·
2449 3943 2456 3952 .

819 4122 823 4126 ,
875 4000 1226 4128 Eiusdem
1255 4042 1410 4125 fere
1439 4068 1612 4123 cum
1637 3944 1967 4151 ngialr'ss
1988 4046 2289 4141 aetatis,
2320 4046 2542 4127 studii
2558 4102 2583 4145 ,
2630 3998 3002 4154 dignitatis
3040 4040 3189 4122 flur

475 4173 778 4232 1vuvs
848 4172 1192 4232 pALLvs
1218 4200 1244 4243 ,
1331 4146 1633 4254 leiani
1683 4173 1844 4227 non
1891 4148 2345 4229 obtrectator
2392 4150 2700 4255 quidem
2731 4205 2756 4248 ,
2832 4145 2959 4228 sed
3006 4169 3185 4223 vere

473 4252 822 4334 aemulus.
971 4250 1348 4363 Qamuis
1370 4252 1578 4336 enim
1627 4250 1839 4357 quod
1887 4248 2281 4334 de‘eonun
2308 4250 2785 4337 fimulmibus
2816 4275 2895 4333 et
2920 4248 3181 4327 diffen-
3345 4276 3353 4284 >·

1741 4352 1848 4433 Ll
1893 4382 1929 4453 3
2958 4345 3179 4429 fioni-
