3825 4800
650 401 861 496 650·
988 373 995 380 ’
1380 381 2654 476 TOPO-GRA'PH'IA

860 675 1407 771 BABYLON,
1452 672 1627 754 vrbs
1668 693 1865 781 trans
1912 574 2365 778 Effphratem
2405 663 2912 766 celeberrima.
2980 695 3176 776 quae
3218 667 3372 750 fere

654 784 958 962 semper>
992 778 1269 858 Parthis
1322 801 1591 962 {ait-init.
1688 775 2115 881 Laudantur
2145 776 2228 856 in
2272 777 2433 854 iure
2477 773 2736 856 nostro
2773 773 3004 882 pelles
3055 771 3372 876 Babylo-

719 889 891 964 'cae.
952 891 1075 962 ,τά
1168 937 1187 958 .
1266 937 1289 960 .
1370 910 1409 959 e
1476 901 1665 960 anat.
2691 955 2700 972 ⁸

658 913 743 972 m
870 883 1336 1062 BAE‘lsIgA
1352 1045 1377 1086 ,
1420 1007 1565 1062 vna
1608 1004 1707 1059 ex
1752 981 1986 1069 tribus
2023 981 2425 1088 prouinciis
2445 1035 2470 1077 ,
2537 981 2620 1058 in
2663 1001 2846 1084 quas
2883 976 3204 1056 Romani
3239 975 3368 1054 de-

660 1083 1086 1190 scripserant
1131 1084 1578 1192 Hispaniam.
1700 1085 2054 1188 Reliquae
2094 1085 2294 1162 enim
2333 1083 2530 1162 duae
2589 1104 2799 1160 erant
2836 1068 3246 1162 Lufitanioe
3293 1097 3370 1154 et

662 1175 1257 1270 Tarraconensis.
1357 1189 1456 1266 Et
1478 1185 1843 1266 Baeticam
1884 1185 2196 1289 quidem
2226 1211 2266 1264 a
2301 1183 2708 1262 Lufimnica
2749 1189 2954 1264 Anas
2995 1181 3267 1258 fluuius
3281 1233 3308 1272 ,
3329 1204 3370 1258 a

662 1285 1203 1368 Tarraconensi
1232 1287 1617 1392 prouincia
1641 1286 2030 1393 Orospeda
2057 1289 2274 1366 mons
2301 1286 2548 1365 disiun
2597 1286 2684 1364 't.'
2772 1283 3102 1364 Mediam
3141 1281 3370 1360 inter-

666 1389 835 1470 fluit
864 1389 1105 1468 Baetis
1118 1443 1144 1484 ‚
1192 1388 1393 1468 vnde
1420 1389 1567 1468 toti
1595 1390 2022 1492 prouinciae
2071 1413 2350 1468 nomen
2407 1390 2546 1466 hae
2571 1409 2653 1466 it.
2771 1387 2948 1467 Fuit
3045 1383 3370 1462 reuincia

666 1490 1031 1598 praetoria
1058 1489 1344 1597 populi.
1440 1495 1629 1576 Non
1676 1490 1877 1570 enim
1902 1514 2000 1568 eo
2023 1495 2408 1570 Senatores
2451 1489 2936 1569 mittebantur
3035 1485 3372 1566 onsulatu

668 1591 1037 1700 perfiinffi
1050 1645 1076 1687 ,
1118 1589 1246 1670 sed
1280 1591 1417 1670 viri
1500 1593 1812 1670 raetorii.
1906 1591 2052 1672 Sed
2082 1593 2254 1694 quia
2269 1591 2648 1696 Augustus
2675 1614 2754 1668 et
2779 1590 2922 1668 hos
2947 1587 3238 1668 Prooofi
3247 1588 3371 1667 ad·

552 1746 561 1772 ,
666 1693 921 1800 pellari
950 1693 1317 1788 voluerat,
1362 1617 1666 1774 tegibus
1699 1693 1955 1772 Dione
1999 1695 2163 1773 Lib.
2203 1697 2401 1772 LIII.
2448 1715 2528 1772 et
2565 1692 2930 1772 Suetonio
2996 1693 3128 1770 vit.
3177 1695 3372 1798 Aug.

668 1821 833 1901 cap.
856 1798 1029 1876 VII.
1076 1795 1251 1872 inde
1276 1795 1406 1890 est,
1452 1793 1663 1898 quod
1686 1817 1765 1872 et
1802 1819 1905 1872 eo
1939 1793 2124 1876 missi
2163 1794 2520 1900 praefides
2557 1793 2740 1872 dieii
2781 1817 3116 1874 moeoSS.
3157 1819 3368 1879 nov.

664 1923 1027 1989 »An-ricae
1072 1923 1113 1974 a
1166 1896 1273 1974 ud
1304 1899 1525 1978 Grut.
1599 1953 1621 1976 .
1649 1899 2125 1992 CCCXLV,
2148 1921 2207 1994 5.
2255 1920 2336 1976 et
2359 1897 2923 1990 CCCCLXXI,
2947 1925 2995 1976 1.
3040 1921 3182 1976 nec
3207 1923 3366 1978 non

666 1999 753 2082 in
783 2001 837 2078 Ι.
858 2028 920 2076 2.
958 2003 1053 2076 D.
1130 2025 1170 2076 e
1191 1998 1325 2093 his,
1362 2000 1492 2106 qm‘
1538 2000 1616 2077 ui
1638 2000 1767 2078 vel
1777 2002 1881 2080 al.
1906 2002 2048 2080 iar.
2095 2001 2150 2078 l.
2177 2027 2256 2096 4.
2288 2001 2356 2100 §-
2372 2027 2423 2080 1.
2453 2001 2552 2077 D.
2580 1997 2687 2077 ad
2702 2002 2780 2078 L.
2797 2001 3030 2078 Corn.-
3047 1999 3137 2078 de
3145 1997 3361 2099 ficar.

581 2111 588 2116 “
667 2099 801 2284 ad
828 2098 1221 2282 §fini-ilium
1260 2102 1593 2187 Baeticae
1624 2099 2042 2210 rescripfiffe
2083 2101 2358 2182 dicitur
2395 2099 2813 2184 Hadrianus
2841 2101 2925 2180 in
2959 2106 3014 2182 l.
3053 2127 3106 2182 ι.
3118 2125 3242 2208 pr.
3267 2105 3372 2188 D.

780 2229 831 2282 a
868 2229 897 2280 t
946 2229 1070 2283 ess.
1776 2233 1787 2272 ι
1884 2273 1893 2282 .
2276 2239 2284 2250 ·
2577 2237 2606 2274 .·
3229 2271 3240 2280 .

676 2387 683 2399 ,
724 2337 731 2342 ·
870 2232 1701 2392 ἐΑΚΕΪΝΟΝΕΝΒΙΞ
1748 2305 2038 2386 colonia
2057 2361 2079 2403 ,
2127 2307 2208 2389 in
2245 2305 2594 2417 Hispania
2632 2305 3161 2389 Tarraconenfi
3173 2363 3198 2407 ‚
3241 2307 3369 2388 vbi

668 2408 1111 2487 Rubricatus
1129 2410 1399 2493 fluuius
1432 2409 1611 2487 sein
1635 2434 1835 2489 mare
1858 2408 2222 2505 infundit,
2272 2436 2498 2515 quam
2547 2411 2958 2489 immunem
2987 2412 3125 2491 effe
3153 2412 3374 2491 tradit

672 2512 727 2587 l.
758 2525 823 2594 8.
896 2536 957 2586 r.
994 2515 1086 2587 D.
1111 2511 1199 2586 de
1226 2506 1468 2606 cenfib.
1545 2512 1745 2587 Vrbs
1772 2513 2175 2591 etiamnum
2201 2512 2474 2593 eodem
2505 2515 2815 2593 nomine
2841 2514 3268 2613 celebratur,
3293 2538 3370 2595 et

668 2610 854 2687 Cata
884 2610 1103 2685 (miae
1130 2632 1351 2713 caput
1382 2610 1715 2689 habetur.
2991 2682 3011 2693 ,

782 2810 797 2825 “
878 2712 1687 2791 BENEVENTANA
1736 2712 2064 2809 colonia,
2113 2714 2234 2792 cui
2263 2740 2402 2819 per
2441 2716 3072 2797 fideicommissum
3099 2717 3372 2839 aliquid

668 2808 1007 2891 relistum
1040 2810 1235 2915 legas
1270 2813 1325 2890 l.
1340 2838 1455 2905 57.
1476 2834 1599 2917 pr.
1628 2816 1727 2895 D.
1756 2817 1861 2895 ad
1896 2819 2024 2895 SC.
2056 2818 2344 2896 Tnbell.
2393 2820 2761 2924 oppidum
2799 2821 2982 2899 olim
3093 2821 3109 2838 ‘
3205 2846 3370 2899 mo-
3433 2884 3448 2893 .

668 2936 842 2995 rum
870 2912 959 2989 ad
986 2916 1325 2993 Sabutum
1360 2914 1709 3011 fluuium,
1738 2938 1944 2995 antea
1985 2922 2478 2999 Makuentum
2513 2921 2790 3001 dinam
2803 2978 2830 3017 ,
2869 2924 3140 3009 Liu.Li
3243 2928 3370 3005 IX.

668 3038 833 3119 cap.
867 3018 1190 3095 XXVIl.
1241 3037 1317 3094 et
1338 3014 1491 3094 fide
1520 3018 1859 3099 aduersus
1886 3022 2266 3099 Romanos
2297 3022 2377 3099 in
2415 3022 2621 3103 bellis
2672 3025 2967 3105 Punicis
2997 3025 3370 3105 oelebeni-

670 3139 1311 3299 maffia-23
1368 3120 2968 3327 0012212113333?
2983 3130 3370 3337 0333..

670 3318 839 3422 prie
864 3320 945 3397 in
960 3320 1329 3399 Phoenice
1338 3316 1363 3415 4
1410 3324 1459 3401 l.
1476 3338 1543 3411 8.
1569 3326 1635 3425 §-
1652 3328 1932 3417 3.D.de
1959 3325 2146 3427 cens?
2169 3324 2258 3403 ad
2285 3352 2482 3405 mare
2503 3328 2700 3407 inter
2711 3333 3004 3432 Lycum
3033 3352 3110 3408 et
3121 3326 3372 3413 Leoii·

672 3442 815 3501 ton
840 3422 1119 3499 fluuios·
1140 3422 1303 3517 fita,
1351 3425 1528 3502 iuris
1558 3426 1788 3505 Italici
1818 3428 2108 3509 colonia
2147 3430 2198 3506 l.
2209 3452 2280 3521 7.
2306 3430 2360 3508 l.
2379 3446 2446 3519 8.
2495 3436 2563 3532 §-
2576 3458 2640 3526 3.
2665 3436 2767 3511 D.
2793 3434 2884 3511 de
2907 3432 3094 3535 cens:
3111 3436 3372 3517 abAu·

666 3522 891 3703 fflisto
935 3524 1182 3610 multis
1232 3546 1485 3603 ornata
1533 3524 1960 3625 beneficiis,-
2015 3552 2094 3609 et
2144 3528 2320 3607 hinc
2365 3532 2790 3635 Augustam
2842 3536 3132 3614 colonia
3183 3540 3372 3619 dieb

756 3626 1072 3703 adriano.
1120 3628 1172 3705 l.
1204 3652 1253 3705 1.
1304 3626 1372 3725 §-
1406 3653 1457 3706 1.
1490 3630 1591 3705 D.
1626 3630 1771 3709 eod.
1882 3632 2264 3711 Nimirum
2307 3633 2675 3715 coloniam
2716 3662 2814 3715 eo
2841 3637 3177 3737 deduxit
3215 3646 3375 3723 Au·
3531 3708 3540 3717 .

665 3724 923 3905 gustus
952 3752 1147 3805 anno
1186 3755 1255 3806 v.
1286 3756 1353 3807 c.
1399 3752 1473 3809 ιο
1486 3756 1707 3811 ccxi..
1757 3732 2016 3815 Euseb.
2059 3735 2140 3812 in
2185 3732 2474 3814 Chron.
2522 3762 2658 3843 per
2693 3740 3100 3846 Agrippam
3119 3798 3145 3839 ,
3195 3744 3374 3824 dua·

680 3916 687 3923 ,
722 3852 808 3905 us
836 3828 939 3909 ibi
964 3829 1373 3933 legionibus
1403 3830 1802 3913 collocatis·
1850 3834 2108 3913 Strabo
2133 3835 2298 3914 Lib.
2315 3840 2527 3918 XVI.
2553 3866 2630 3944 p.
2657 3866 2805 3938 520.
2907 3842 3116 3921 Hinc
3131 3847 3374 3927 Plinio

630 3930 837 4018 Lib.
859 3933 956 4007 V.
1004 3958 1160 4037 cap.
1192 3934 1361 4011 XX.
1410 3944 1719 4013 vocatur
1763 3944 1968 4015 FELIX
2012 3962 2241 4015 inm:
2289 3940 2371 4017 in
2383 3965 2618 4018 numo
2631 3944 2978 4023 Mediceo
2991 3946 3190 4051 apud
3208 3956 3370 4028 No-

671 4026 785 4109 nfi
815 4032 1233 4135 Cenotaph.
1278 4032 1501 4114 Pisan.
1528 4063 1602 4141 p.
1622 4065 1653 4116 2
1661 4066 1715 4134 3.
1776 4060 1939 4117 cor„
2003 4064 2146 4119 ivr.
2205 4068 2381 4119 avo.
2427 4070 2572 4122 PBL.
2635 4072 2784 4125 Bm.
2855 4051 3110 4133 Metro
3163 4052 3373 4131 oleos

670 4130 1040 4249 honorem
1072 4136 1397 4229 obtinuit
1425 4162 1464 4213 a
1491 4138 1934 4219 Theodofio
1960 4141 2284 4236 iuniore,
2313 4141 2437 4219 sed
2469 4170 2550 4222 ea
2575 4148 2775 4251 lege,
2823 4174 2918 4226 ne
2943 4078 3162 4251 quid,
3147 4155 3372 4257 Tyro

671 4232 771 4315 de
796 4232 931 4315 suo
958 4260 1121 4317 iure
1162 4238 1653 4343 derogaretur.
1702 4243 1755 4323 l.
1780 4268 1901 4324 vn.
1951 4246 2027 4326 C.
2089 4244 2178 4325 de
2223 4266 2520 4352 metrop.
2567 4250 2820 4361 Beryt.
2871 4252 3040 4333 Lib.
3065 4258 3204 4334 XI.
3261 4258 3374 4336 tit.

3135 4360 3384 4439 XXII.
3449 4354 3458 4363 ’
