3825 4800
2431 52 2440 97 l

656 430 784 505 772
1014 381 1527 479 HISTORIA
1594 334 1741 468 ET
1800 386 1980 466 RES
2031 336 2468 471 GESTAE'
2498 344 3032 466 Lvnovict

602 632 605 640 Δ
662 588 940 681 scribit,
990 581 1412 663 Noricorum
1424 570 1898 679 prouinciam,
1933 590 2156 675 quum
2184 568 2742 651 Baiumriorum
2759 572 3068 673 populus
3102 566 3374 649 inh'ab'i-

664 716 773 775 tet
787 748 809 786 ,
853 690 1111 767 habere
1150 682 1240 761 ab
1271 680 1543 758 oriente
1559 672 2014 781 ‘Pannoniam
2026 726 2050 763 ‚
2075 672 2166 749 ab
2197 670 2551 751 occidente
2585 674 2963 768 Saunium,
3001 700 3052 751 a
3079 670 3374 750 meridie

638 792 962 886 ,Italiam
975 845 999 885 ‚
1028 788 1116 865 ab
1143 778 1523 887 Aquilonis
1546 774 1719 854 vesto
1737 796 1962 878 parte
1996 774 2321 852 Domubii
2331 774 2644 875 fluenta.
2743 776 3004 877 Imque
3031 777 3190 853 eius
3203 796 3376 877 pro-

654 896 939 985 uinciae
972 888 1155 966 fines
1182 910 1222 961 a
1254 880 1327 960 se
1414 879 1749 957 entrione
1781 873 2172 980 Danubi0‚
2205 875 2296 953 ab
2333 872 2720 963 occidente
2737 880 2984 977 Lym,
3011 902 3049 955 a
3075 874 3378 953 meridie

661 996 979 1101 Alpibus
1008 984 1473 1073 Tridentinis
1512 1000 1589 1057 et
1614 978 1920 1057 Noricis
1937 1033 1959 1072 ,
1987 976 2075 1054 ab
2109 978 2400 1055 oriente
2429 977 2667 1057 Aniso
2695 978 2932 1056 fluuio
2947 1035 2973 1074 ,
3001 1002 3236 1082 quem
3251 999 3376 1054 ve-

660 1122 853 1179 teres
896 1114 1173 1174 certum
1224 1084 1707 1163 Boioasiorum
1755 1102 1830 1158 et
1864 1080 2290 1159 Hunnorum
2318 1079 2620 1157 limitem
2665 1078 3272 1157 effe·statuebant.
3297 1086 3376 1171 ο)

665 1206 1099 1303 Perruperat
1124 1192 1261 1268 hos
1292 1186 1561 1263 limites
1591 1178 1904 1262 Carolus
1934 1182 2042 1258 M.
2075 1180 2208 1283 qui
2235 1206 2431 1273 anno
2475 1182 3124 1262 DCCLXXXXI.
3157 1182 3375 1259 Hun-

664 1324 940 1383 norum
972 1292 1089 1373 vel
1118 1296 1449 1369 Auarum
1484 1284 1672 1363 fines
1694 1280 2040 1387 ingreffus
2061 1337 2083 1376 ,
2113 1280 2202 1358 ad
2218 1282 2500 1361 Rabum
2529 1282 2761 1387 vsque
2789 1282 3109 1361 fluuium
3136 1281 3377 1361 vich-i-

671 1400 787 1482 ·c'ia
814 1424 1009 1479 arma
1025 1389 1590 1480 circumtulerat‚
1622 1389 1707 1493 p)
1756 1406 1836 1461 et
1864 1382 2164 1470 vistoria
2179 1382 2342 1462 vsus
2383 1382 2558 1464 msto
2587 1382 3142 1488 insequentibus
3153 1384 3384 1477 annis,

666 1501 965 1611 Pippini
996 1496 1313 1593 maxime
1342 1488 1585 1569 Italiae
1616 1487 1845 1590 Regis·
1866 1482 2196 1589 auspiciis
2225 1540 2248 1581 ‚
2281 1487 2377 1564 ita
2412 1512 2570 1564 eam
2601 1510 2898 1591 gentem
2937 1488 3386 1593 perdomue-

669 1600 819 1701 rat,
862 1625 947 1681 vt
988 1622 1193 1679 totus
1222 1594 1345 1672 ille
1386 1614 1741 1673 terrarum
1781 1586 2050 1665 trastus
2081 1588 2168 1664 ab
2202 1586 2436 1666 Atiiso
2474 1588 2783 1667 flumine
2813 1590 2908 1667 ad
2946 1591 3236 1669 Rabum
3261 1612 3382 1666 vs-

674 1706 937 1815 quein
968 1722 1162 1779 certa
1176 1700 1639 1775 Francorum
1666 1688 2100 1797 pofleffione
2131 1686 2322 1769 effet.
2356 1696 2440 1792 q)
2535 1692 2658 1769 Et·
2675 1690 2855 1769 haec
2880 1690 3029 1797 ipsa
3062 1692 3174 1769 est
3201 1716 3385 1769 Ava-

672 1836 833 1892 nvM
861 1830 1045 1885 terra
1063 1857 1085 1896 ,
1116 1824 1307 1903 quae
1339 1795 1545 1900 tegni
1586 1814 1962 1899 Lvnovico
2011 1790 2177 1869 ceffi
2207 1813 2491 1897 partem
2521 1790 2717 1873 fecit.
2789 1796 3153 1901 Qamuis
3183 1794 3383 1872 enim

672 1913 863 1991 eirca
886 1905 1144 1985 eadem
1171 1922 1513 2004 tempora
1542 1894 1851 1973 lacertos
1904 1913 2250 1971 moueret
2286 1919 2464 1999 gens
2489 1893 2942 1991 ferociffima,
2969 1896 3092 1973 cui
3117 1897 3392 1973 iamin-

670 2014 769 2092 de
800 2004 892 2090 ub
920 2006 1204 2111 origine
1239 2000 1359 2081 sua
1388 1997 1677 2103 semper
1714 2004 1791 2073 in
1817 1993 2121 2073 turbido
2147 1992 2386 2073 fuerat
2423 1995 2800 2075 consilium
2822 2053 2844 2092 ,
2885 1994 2963 2075 et
2985 1998 3180 2077 duce
3205 1998 3388 2077 Liu-

670 2115 931 2193 deuito
970 2132 1129 2187 non
1154 2100 1391 2183 modo
1428 2098 1521 2178 ad
1560 2096 1798 2177 amiffit
1838 2095 2328 2201 recuperanda
2348 2151 2370 2192 ‚
2410 2094 2533 2175 sed
2565 2120 2642 2175 et
2681 2098 3168 2205 proferendos
3203 2099 3392 2178 fines

669 2218 871 2297 ferro
910 2212 1037 2291 fibi
1070 2210 1264 2290 viam
1298 2203 1589 2282 munire
1638 2198 2027 2304 coepisset:
2059 2202 2139 2298 r)
2211 2222 2398 2276 mox
2433 2222 2684 2279 tamen
2723 2200 3077 2305 repress'us
3123 2196 3232 2281 est
3271 2202 3390 2279 ille

672 2316 1039 2400 tumultus
1059 2368 1081 2408 ‚
1116 2332 1193 2389 et
1219 2328 1378 2393 tota
1401 2306 1518 2383 illa
1541 2302 1937 2410 tempestas
1953 2356 1977 2395 ,
2013 2298 2257 2379 occiso
2289 2301 2477 2379 circa
2513 2326 2786 2381 annum
2811 2306 3390 2386 DCCCXXIH.

676 2419 1082 2500 Liudeuito
1098 2469 1125 2508 ‚
1160 2409 1406 2488 subito
1458 2415 1909 2486 commutata
1960 2405 2099 2481 est:
2131 2408 2198 2504 s)
2249 2424 2334 2480 vt
2371 2429 2531 2482 eam
2559 2408 2778 2510 regni·
2811 2431 3098 2514 partem
3119 2406 3388 2486 saluam

675 2521 990 2600 omnino
1036 2514 1337 2592 haberet
1372 2531 1789 2588 Lvnovtcvs
1832 2505 2121 2599 noster,
2153 2510 2586 2610 Auaresque
2627 2507 2814 2586 vltra
2859 2511 3152 2588 Rabum
3197 2508 3388 2588 felici

682 2627 918 2704 Marte
948 2615 1440 2694 submoueret.
1503 2608 1765 2686 Tertia
1796 2607 2208 2712 prouincia,
2231 2632 2422 2712 quae
2454 2610 2524 2686 ei
2559 2607 2982 2708 obuenerat,
3007 2611 3117 2690 est
3143 2636 3386 2690 130on-

671 2751 803 2804 mA
821 2777 843 2816 ,
868 2715 1377 2798 fertiliffimum
1426 2709 1608 2826 illud
1651 2726 1986 2786 veterum
2029 2707 2732 2789 Marcomssannorum
2765 2735 3076 2818 regnum
3091 2770 3115 2809 ,
3151 2709 3378 2818 quod,

673 2820 1015 2928 quamuis
1070 2815 1451 2894 montibus
1486 2811 1948 2889 circumcirca
1994 2812 2287 2890 velutin
2331 2816 2584 2891 'natura
2633 2817 3003 2894 munitum
3037 2814 3384 2895 clausum-

672 2951 862 3029 que,
910 2921 1105 3003 Slaui
1154 2941 1403 2996 tamen
1458 2913 1601 2992 iam
1656 2911 1946 3018 pridem
2001 2911 2130 2990 sub
2193 2913 2394 2992 suam
2446 2915 2620 2994 rede
2669 2936 2871 2995 erant
2925 2919 3384 3024 potestatem.

675 3031 847 3110 Hos
875 3046 1185 3132 quoque
1214 3039 1540 3126 meurs
1590 3015 1932 3096 induem
1964 3013 2216 3096 Caroli
2241 3015 2374 3096 filii
2391 3017 2599 3097 breui
2620 2941 2820 3098 {ello
2851 3019 3314 3130 opprefl'erag
3329 3021 3391 3119 t)

652 3177 661 3184 ·
1502 3139 1509 3146 ’
3209 3121 3390 3202 teste

820 3333 904 3425 ο)
954 3331 1187 3404 Annal.
1221 3331 1446 3401 Franc.
1474 3323 1763 3410 Reuber.
1810 3323 1889 3394 ad
1929 3347 2076 3396 ann.
2109 3349 2242 3419 79¹·
2277 3350 2342 3421 p.
2373 3355 2468 3413 50.
2499 3331 2653 3403 edit.
2689 3349 2852 3404 nou.

824 3435 905 3530 p)
960 3429 1189 3506 Aiinalss
1220 3429 1456 3504 Bertin.
1490 3427 1659 3500 Met.
1694 3427 1990 3500 Fuldens.
2031 3431 2314 3510 Reuber.
2348 3434 2429 3503 ad
2459 3457 2604 3504 ann.
2631 3455 2768 3525 79¹·

826 3537 912 3632 q)
956 3535 1257 3630 Eginard.
1294 3535 1415 3604 vit.
1448 3531 1673 3608 caroli
1711 3532 1815 3600 M.
1855 3531 2016 3621 Cap.
2047 3535 2216 3604 xm.

651 3655 660 3666 '
750 3665 755 3670 “
792 3643 881 3725 s)
931 3639 1087 3711 V-ita
1117 3619 1443 3708 Ludduici
1469 3633 1562 3704 Pii
1592 3633 1673 3702 ad
1708 3653 1850 3704 ann.
1894 3643 2040 3722 819.
2076 3655 2144 3730 p.
2169 3657 2306 3723 572.
2340 3633 2532 3730 sequ.
2583 3721 2590 3726 ι
2645 3693 2652 3698 .

826 3745 881 3827 s)
938 3739 1170 3812 Annal.
1200 3737 1387 3808 Fuld.
1412 3735 1495 3806 ad
1524 3755 1671 3804 ann.
1700 3745 1835 3821 823.

666 3871 673 3882 ·
824 3847 879 3933 t)
924 3847 1187 3916 Fatetur
1211 3841 1280 3909 id
1308 3836 1569 3908 ssohusl.
1602 3835 1842 3908 Balbin.
1870 3834 2050 3920 Epit.
2083 3857 2211 3903 rer.
2237 3841 2441 3906 Botm.
2477 3834 2620 3904 Lib.
2659 3837 2716 3905 1.
2763 3841 2919 3923 Cap.
2969 3835 3052 3905 X.
3085 3850 3162 3921 Α.
3188 3843 3288 3920 85.
3327 3852 3394 3904 et

976 3937 1167 4016 'reae
1190 3960 1377 4012 notat
1408 3941 1797 4008 Cromerum
1814 3987 1835 4020 ,
1884 3938 2004 4029 qui
2047 3935 2190 4006 Lib.
2219 3939 2308 4008 11.
2351 3936 2518 4026 Hist.
2557 3941 2772 4009 Polou.
2813 3939 2884 4008 in
2927 3933 3194 4032 Lestone
3233 3937 3393 4008 haec

968 4045 1187 4117 omnin
1222 4042 1300 4114 ad
1328 4041 1611 4113 Polonos
1636 4039 1970 4131 pertinere
2013 4037 2518 4110 existimauerat.
2637 4043 2734 4112 At
2773 4039 2992 4122 neseio
3009 4089 3034 4124 ‚
3121 4041 3290 4132 quid
3328 4040 3393 4108 in

972 4165 1261 4228 mentem
1304 4141 1562 4213 venerit
1586 4140 1735 4210 viro
1770 4135 2135 4212 doaiffimo
2149 4191 2170 4223 ,
2223 4157 2303 4210 vt
2332 4142 2644 4213 Carolum
2669 4141 2851 4214 hunc
2899 4143 3152 4211 nothum
3198 4161 3398 4213 voca·

966 4269 1045 4322 re
1060 4269 1205 4318 -non
1234 4245 1495 4318 dubitet
1508 4297 1533 4342 ,
1580 4263 1784 4338 quem
1814 4240 2023 4318 filium
2071 4243 2289 4316 Caroli
2339 4244 2442 4316 M.
2489 4263 2562 4318 et
2618 4245 3024 4342 Hildigardis
3067 4263 3222 4315 natu
3271 4265 3402 4312 ma-

3109 4366 3358 4418 ximum
3377 4393 3400 4428 ‚

1044 4595 1065 4645 Ι
