3825 4800
480 351 489 356 ·
572 442 581 448 ,
656 364 785 444 ιε,
955 309 1505 429 'HISTORIA
1580 345 1756 426 ET„
1788 347 1978 440 RES
2025 345 2442 432 GESTAE
2493 348 3028 436 LVDOVICI
3171 293 3200 324 '

658 531 1213 614 demnationem
1228 585 1255 626 ,
1299 529 1687 609 fenestram
1708 531 1797 609 ab
1824 557 1920 609 eo
1947 555 2268 637 apertam
2304 534 2641 640 periuriis
2658 591 2682 630 ,
2731 535 2918 613 bella
2953 533 3372 612 smeneoes—
3423 603 3437 608 -

628 634 869 718 „litate
908 635 1139 739 gesta,
1202 632 1593 710 diuifiones
1638 659 2038 741 regnorum
2083 636 2216 717 suo
2259 638 2556 714 arbitrio
2599 661 2678 716 et
2719 647 2880 716 non
2919 637 3262 724 adhibitis
3291 639 3372 712 in

660 737 1047 818 confilium
1080 735 1507 841 proceribus
1532 733 1792 831 saclasf
1832 758 1914 814 et
1946 737 2165 816 huius
2195 739 2478 842 g'eneris
2507 739 2678 833 alia,
2727 740 2828 816 ob
2867 763 3059 842 quae
3081 738 3190 818 illi
3215 738 3378 814 iure
3435 755 3446 768 ⁴

564 883 570 888 ·
661 840 1079 946 impolitam
1114 839 1319 914 aiunt
1350 837 1886 942 poenitentiam
1911 863 2046 942 per
2085 865 2389 920 omnem
2432 841 2662 918 vitam
2707 841 3102 944 agendam,
3165 866 3250 918 ea
3276 839 3380 915 le-

662 970 795 1050 ge,
842 963 927 1020 vt
945 936 1100 1042 post
1138 962 1423 1018 tantam
1456 940 1824 1045 talemque
1842 942 2364 1044 poenitentiam
2407 968 2777 1047 nunquam
2813 943 3020 1022 vltra
3065 944 3172 1024 ad
3185 939 3377 1020 mili-

674 1040 1313 1143 tiamfhecularem
1334 1043 1635 1120 rediret.
2315 1137 2320 1144 ³

950 1145 1197 1221 XVII.
1246 1145 1365 1220 Sic
1392 1143 1703 1221 demum
1730 1166 2146 1222 LoTnAmvs
2161 1165 2444 1247 patrem
2475 1173 2510 1224 a
2541 1144 2614 1224 se
2629 1165 2790 1222 non
2821 1143 3054 1221 modo
3075 1140 3380 1234 vicium,

669 1241 795 1326 sed
826 1269 903 1323 et
926 1246 1025 1322 ita
1052 1245 1495 1349 prostratum
1539 1245 1701 1344 effe·
1722 1245 2210 1339 existimabat,
2269 1269 2358 1324 vt
2389 1249 2584 1324 nulla
2629 1244 3040 1325 resumendi
3086 1241 3380 1346 imperii

666 1347 833 1453 spes
862 1347 963 1424 illi
996 1346 1215 1452 poffit
1242 1345 1615 1452 super-elle.
1714 1349 1827 1425 At
1852 1347 2489 1446 quemadmodum
2519 1347 2682 1426 fieri
2711 1351 2836 1426 vix
2907 1339 3122 1438 otest,
3139 1368 3223 1422 vt
3235 1342 3384 1420 sce-

672 1449 820 1528 lere
854 1449 1257 1552 quaesitum
1284 1450 1679 1553 imperium
1718 1449 1932 1524 bonis
1967 1449 2238 1526 artibus
2266 1452 2816 1552 retineatur'qita
2831 1376 2954 1529 ifle
2985 1471 3379 1551 moxprae·

670 1565 879 1657 repta
912 1553 1097 1658 patri
1127 1551 1489 1656 potestate
1516 1553 1670 1626 ta'm
1694 1549 2182 1633 immoderate
2211 1548 2378 1630 vsus
2403 1553 2548 1648 est,
2607 1577 2694 1630 vt
2731 1575 2810 1629 et
2843 1553 2938 1646 ii,
2987 1549 3130 1653 qui
3153 1552 3381 1626 virtu-

676 1677 831 1746 tem
862 1679 1210 1732 Lvnovrcr
1244 1655 1347 1730 Pii
1374 1653 1821 1730 incolumem
1846 1653 2210 1747 oderant,
2243 1680 2404 1732 eam
2441 1681 2641 1733 nunc
2683 1653 3032 1732 sublatam
3077 1677 3176 1728 ex
3207 1676 3376 1728 ocu-

674 1757 765 1834 lis
860 1769 1239 1832 uaererent
1277 1754 1546 1848 inuidi,
1624 1777 1703 1832 et
1740 1753 1834 1830 de
1879 1753 2008 1832 illo
2057 1757 2146 1832 in·
2168 1757 2282 1844 int
2411 1755 3046 1850 umrestituendo
3100 1751 3382 1832 confilia

676 1783 1122 1935 cousserrent.
1216 1855 1455 1936 Cuius
1484 1857 1591 1934 rei
1620 1855 1887 1934 cauffie
1899 1874 2140 1934 ‘erunt
2185 1883 2326 1961 pau
2357 1859 2430 1934 lo
2457 1860 2671 1936 altius
2718 1857 3190 1965 repetendae.
3267 1856 3386 1935 Est

658 1961 1030 2040 nimirum
1057 1958 1157 2036 ita
1185 1981 1439 2038 natura·
1466 1985 1637 2036 com
1692 1979 1993 2054 aratum,
2025 1981 2109 2037 vt
2137 1959 2282 2062 ipsa
2307 1961 2418 2038 ira.
2437 1984 2671 2038 vertat
2692 1958 3400 2074 3ῌριίίὶξιὰοοιτίἱειῑιῑζ

680 2059 735 2140 fi
771 2063 1237 2142 innocentiae
1264 2062 1579 2138 nimium
1605 2062 1654 2137 il
1685 2055 1966 2137 udatur.
2067 2061 2154 2138 Id
2201 2085 2278 2138 et
2321 2063 2446 2140 hic
2482 2063 2813 2166 conti‘gi't.
2909 2065 3160 2140 Tanta
3193 2062 3392 2140 enim

680 2186 836 2244 erat
868 2164 1337 2268 Imperatoris
1372 2163 1769 2256 calamitaS,
1822 2184 1903 2239 vt
1939 2185 2016 2240 et
2065 2164 2706 2244 truculentiffimos
2749 2166 3092 2244 homines
3131 2190 3392 2243 moue-

676 2289 817 2344 ret.
920 2264 1301 2372 Qamdiu
1326 2265 1875 2344 inmonasterio
1902 2267 1973 2342 S.
1999 2265 2334 2344 Medardi
2379 2267 2971 2370 relinquebatur,
3021 2290 3178 2344 tam
3209 2266 3388 2344 arista

596 2416 601 2423 ·
682 2368 1073 2448 tenebatur
1109 2367 1473 2462 custodia,
1539 2367 1625 2445 vt
1670 2367 1948 2445 nemini
1980 2367 2094 2445 vel
2131 2367 2467 2471 colloqui
2515 2393 2686 2447 cum
2717 2395 2814 2447 eo
2825 2425 2850 2464 ,
2915 2369 3036 2447 vel
3065 2368 3252 2473 quid
3281 2393 3390 2447 re·-

686 2494 853 2554 rum
889 2490 1171 2572 agatur,
1221 2494 1396 2546 eum
1430 2470 1815 2545 certiorem
1848 2468 2154 2545 reddere
2183 2472 2474 2549 licebatr
2611 2473 2818 2581 Qin
2845 2470 3002 2550 iuffi
3033 2494 3236 2551 erant
3263 2497 3386 2550 cu-

686 2568 933 2647 stodes
976 2570 1279 2671 quaeuis
1320 2568 1545 2647 tristia
1596 2569 1978 2664 nunciare,
2038 2598 2418 2653 rvanAM
2461 2597 2870 2670 mortuam,
2933 2597 3014 2651 et
3045 2599 3380 2653 camma

684 2668 1057 2749 attonsum
1087 2690 1163 2746 et
1191 2670 1879 2749 cucullo'indutum.
1983 2673 2216 2777 Qod
2249 2674 2400 2781 ipse
2414 2701 2554 2780 pro
2585 2694 2768 2755 vero
2805 2678 3160 2781 accipietis
3201 2673 3368 2750 suo-

682 2780 855 2855 rum
882 2768 1041 2849 fato
1068 2769 1266 2849 mille
1299 2772 1633 2873 lacrymis
1663 2775 2075 2875 parentauit
2093 2830 2118 2869 ,
2145 2778 2327 2855 etin
2357 2778 2610 2881 primis
2639 2790 3002 2857 ινοιτίιᾼε
3040 2776 3193 2857 suae
3221 2774 3364 2852 ani-

680 2900 887 2953 ·mam
914 2872 1215 2969 clericiS,
1242 2874 1537 2979 quoties
1564 2896 1714 2951 tem
1772 2875 1861 2963 lo·
1880 2877 2085 2971 exiit,
2113 2882 2554 2982 (numquam
2583 2904 2830 2957 autem
2863 2878 3010 2957 fine
3041 2902 3376 2957 numero-

687 2974 769 3055 so
798 2974 1159 3080 praesidio
1183 2974 1273 3053 ad
1300 2974 1481 3055 illud
1499 2979 1711 3055 venie
1765 3000 1859 3070 at,
1908 2978 2034 3057 vel
2061 3005 2152 3058 ex
2193 2980 2322 3057 ino
2361 2982 2450 3058 ad
2491 2982 2746 3059 cellam
2770 2980 2972 3060 suam
2999 2982 3386 3062 reduceba-

688 3082 890 3179 tur,)
918 3078 1395 3180 vehementer
1418 3078 1992 3159 commendauit.
2089 3080 2470 3160 Misertum
2509 3082 2812 3164 ‚demum
2859 3084 2968 3161 est
2997 3082 3202 3188 ipsos
3231 3108 3390 3159 mo-

690 3179 967 3259 nachos
986 3178 1379 3259 ‘miserrimi
1420 3181 1775 3285 Principis
1792 3234 1817 3273 ,
1878 3203 2270 3285 quumque
2315 3210 2488 3263 cum
2535 3210 2631 3263 eo
2669 3184 3044 3263 sermones
3099 3186 3396 3263 caedere

690 3306 848 3360 non
874 3280 1157 3375 liceret,
1186 3306 1375 3371 vnus
1408 3308 1663 3360 eorum
1683 3335 1705 3376 ,
1730 3284 2035 3361 nomine
2068 3294 2524 3381 HARDvmvS,
2573 3312 2814 3391 quum
2836 3288 3100 3365 sacram
3133 3288 3396 3363 eucha-

690 3384 961 3462 ristiam
992 3384 1455 3488 praebuisset,
1486 3384 2092 3489 compreffiseius
2119 3388 2480 3483 manibu8‚
2519 3393 3021 3493 paucaverba:
3075 3392 3266 3467 Pone
3283 3391 3394 3469 al-

694 3493 861 3567 'tar'e
887 3482 1021 3584 est,
1073 3482 1557 3581 insusurrauit,
1608 3484 1968 3588 simulque
1991 3486 2408 3566 schedulam
2445 3516 2542 3568 eo
2588 3491 2770 3569 clam
2811 3492 3150 3597 proiecit.
3252 3496 3400 3567 lm-

693 3610 1023 3695 perator,
1070 3588 1511 3673 exeuntibus
1556 3588 1842 3692 templo
1885 3590 2186 3692 reliquis
2232 3591 2693 3689 hominibus,
2747 3619 2986 3696 quum
3027 3592 3109 3675 ,se
3159 3590 3396 3669 solum

592 3692 601 3699 ’
692 3690 1341 3785 animaduerteret,
1368 3686 1713 3767 sublatam
1740 3689 2156 3769 schedulam
2179 3692 2393 3797 legit,
2435 3720 2532 3773 ex
2579 3720 2816 3798 eaque
2861 3696 3210 3789 demum,
3235 3692 3397 3771 falsa

692 3791 869 3887 effe,
922 3816 1113 3896 quae
1152 3790 1247 3869 de
1294 3818 1652 3891 1vn1THAss
1694 3791 1860 3869 suae
1918 3814 2164 3871 morte
2209 3816 2288 3872 et
2347 3822 2609 3883 cARou
2661 3798 3105 3876 monachatu
3145 3796 3396 3875 {aelata

694 3890 870 3997 fint‘,
920 3896 1157 3971 immo
1194 3894 1447 3998 potius
1482 3894 2412 3999 plerosque.incredibi1em
2445 3924 2540 3991 ex
2578 3898 2978 3977 calamitate
3011 3898 3134 3979 sua
3177 3898 3398 3975 dolo·

690 4018 849 4077 rem
876 3996 1282 4103 percipere,
1319 4018 1397 4075 et
1424 3995 1519 4075 de
1550 4020 1649 4074 eo
1672 3996 2050 4076 liberando
2067 3998 2354 4081 confina
2371 4024 2656 4106 capere,
2669 4004 3055 4108 comperit.
3091 4006 3155 4103 t)
3205 4000 3396 4113 Qis

628 4138 651 4146 -
2424 4150 2439 4159 ·
3217 4126 3399 4189 vero

839 4242 905 4339 t)
948 4244 1351 4364 conquestio
1366 4244 1702 4365 'Ludouici
1732 4248 1894 4345 Imp.
1927 4219 2102 4345 apud
2133 4186 2472 4327 Duchesn.
2517 4250 2743 4326 Tomo
2771 4252 2856 4327 11.
2887 4274 2957 4349 p.
2985 4256 3122 4341 336.

2409 4578 2444 4595 κ
