3825 4800
1263 473 1279 480 -
1413 403 1742 490 IVRIS
1835 403 2361 498 ROMANI.
3116 415 3245 508 655

517 597 600 678 Ρ.
635 593 752 674 Sci
807 592 988 670 ione
1036 585 1456 668 Aetnil'nno
1476 643 1502 684 ‚
1557 587 1866 670 inducto
1920 613 2195 688 aratro,
2270 613 2353 671 vt
2393 586 2735 670 obsemat
2770 589 3235 672 Modestinus

515 699 574 778 Ι.
619 721 712 775 21.
820 751 839 773 .
881 689 1080 798 quib.
1131 689 1310 768 med.
1331 717 1384 768 v
1411 689 1586 794 usfr.
1633 695 1764 772 vel
1796 688 1951 792 vstcs
1987 697 2226 774 amitt.
2322 693 2585 776 Postea.
2628 719 2725 772 eo
2772 695 3059 774 colonia
3101 694 3234 772 dn-

519 797 736 876 duch
771 796 958 874 circa
987 815 1262 870 annum
1650 793 1916 874 Vellei.
1942 797 2095 874 Pat.
2136 796 2298 875 Lib.
2330 794 2387 875 1.
2578 852 2597 873 .
2642 799 2817 876 XV.
2868 798 3087 900 eique
3114 795 3233 874 ius

515 899 852 978 Italicum
883 895 1140 974 datum
1165 917 1205 971 a
1235 895 1514 977 Seuero
1541 915 1622 970 et
1645 895 2045 976 Antonino
2100 899 2235 976 Pio
2302 901 2355 977 l.
2394 915 2459 986 8.
2562 953 2581 978 .
2626 923 2709 978 ιι.
2760 903 2861 978 D.
2912 901 3000 980 de
3056 893 3243 1080 εεᾶζ
3362 935 3371 948 ’

515 999 1014 1082 commerciis
1055 1017 1134 1074 et
1157 993 1348 1076 hanc
1393 993 1718 1076 flumine
1763 997 2175 1100 entitatem,
2240 999 2347 1078 ob
2384 1021 2689 1106 portum
2734 1000 3119 1078 commodi
3200 1046 3235 1062 -

519 1128 729 1182 mum
741 1121 768 1198 ‚·
847 1099 972 1186 vel
1007 1121 1103 1178 ex
1149 1095 1262 1176 fre
1317 1117 1546 1176 uentc
1595 1097 2069 1202 stipulatione
2082 1155 2109 1196 ‚
2178 1121 2260 1190 vt
2306 1101 2751 1206 Carthagine
2802 1100 3233 1198 solueretur,

517 1205 839 1310 adparet.
887 1204 940 1282 l.
969 1231 1031 1278 2.
1057 1200 1126 1296 §-
1155 1209 1216 1276 6.
1295 1227 1336 1278 e
1371 1225 1448 1276 eo
1463 1253 1488 1293 ,
1537 1201 1737 1304 quod
1751 1223 1945 1283 certo
1976 1203 2141 1283 loco.
2191 1205 2244 1283 l.
2276 1229 2369 1284 ιι.
2394 1204 2493 1284 D.
2520 1203 2631 1284 de.
2652 1202 2799 1284 reb.
2840 1205 3001 1284 dub.
3043 1204 3097 1286 l.
3122 1229 3234 1300 73.

509 1329 632 1412 pr.
663 1328 739 1384 et
765 1305 819 1384 l.
849 1329 985 1400 141.
1018 1303 1087 1400 S.
1117 1329 1196 1390 4.
1239 1303 1338 1378 D.
1375 1300 1465 1380 de
1486 1303 1688 1386 verb.
1716 1302 1850 1383 obl.

533 1456 540 1464 ·
723 1403 1502 1486 CARTHAGINES
1545 1402 1728 1488 duas
1767 1402 1945 1500 effe,
1990 1403 2427 1489 obseruatur
2463 1408 2543 1486 in
2590 1409 2645 1490 Ι.
2686 1433 2789 1488 21.
2822 1411 2921 1490 D.
2951 1407 3040 1488 de
3082 1409 3234 1490 reb.

517 1510 680 1594 dub.
775 1511 1024 1588 Vnam
1055 1504 1204 1584 iam
1233 1503 1580 1584 vidimus.
1669 1503 1929 1586 Altera
1956 1507 2401 1614 inHispania
2416 1511 2542 1588 est.
2606 1509 2733 1589 Illa
2746 1513 3019 1606 vetus,
3050 1509 3236 1590 haec

514 1617 744 1698 Nona
795 1607 1170 1716 adpellata.
1296 1604 1728 1686 Condidere
1769 1633 2051 1690 nouam
2094 1609 2721 1716 Carthaginienses
2734 1665 2765 1706 ‚
2842 1611 2937 1690 ad
2988 1609 3227 1692 sinum

516 1713 780 1800 Affioo
809 1735 1038 1792 vento
1055 1705 1532 1890 ffiPOfimm’
1581 1731 1658 1786 et
1671 1714 2565 1816 portu-munimentisque
2595 1713 3001 1792 instruxere
3010 1713 3227 1809 adeo,

519 1839 604 1898 vt
651 1815 992 1894 omniurn
1163 1810 1448 1915 lpaniae
1505 1811 1890 1893 ciuitatum
1948 1811 2159 1894 facile
2211 1841 2271 1892 o
2323 1814 2755 1896 ulentiflima
2816 1815 3229 1896 haberetur.

515 1920 682 2000 Lia.
711 1916 880 1998 Lib.
904 1913 1197 1999 XXVI.
1275 1937 1429 2018 cap.
1461 1915 1698 1996 XLII.
1795 1915 2095 1996 Dicitur
2126 1939 2211 1996 et
2314 1918 2328 1932 ‘
2418 1941 2551 1995 ana
2581 1917 2849 1998 Cartha
2900 1941 2953 1996 o
2976 1945 3017 1998 a
3050 1918 3225 1996 Flo-

514 2041 610 2102 ro
641 2017 810 2100 Lib.
849 2019 948 2096 ΙΙ.
1009 2040 1169 2120 cap.
1199 2015 1338 2094 VI.
1385 2016 1728 2118 quomis
1749 2016 2035 2096 ibidem
2063 2039 2143 2104 et
2168 2023 2417 2098 Vetus
2443 2019 2817 2123 Carthago
2876 2043 2959 2114 tt,
2985 2019 3225 2100 medi-

510 2147 834 2204 terranea
854 2117 952 2198 ad
975 2119 1288 2208 Sicorim
1319 2117 1606 2211 ciuitas,
1626 2139 1784 2196 non
1810 2120 2075 2222 procul
2112 2121 2209 2198 ab
2227 2119 2459 2198 Ilerda
2490 2121 2783 2226 oppido
2816 2145 3127 2202 remota.

759 2220 1599 2313 CASSASDRENSIS,
1662 2219 1838 2296 iuris
1873 2220 2106 2300 Italici
2136 2222 2428 2300 colonia
2455 2223 2535 2300 in
2560 2221 3023 2317 Macedonia,
3060 2249 3217 2302 me-

517 2347 846 2411 moratur
884 2326 968 2403 in
1011 2325 1064 2404 Ι.
1099 2337 1166 2411 8.
1191 2322 1258 2419 §-
1287 2335 1354 2409 8.
1387 2321 1484 2396 D.
1511 2319 1604 2399 de
1626 2317 1812 2422 cufi
1897 2321 2047 2403 Sed
2082 2347 2199 2401 res
2227 2321 2375 2429 ipla
2405 2323 2655 2419 (locet²
2704 2322 3011 2431 intelligi
3050 2326 3223 2407 cas-

496 2432 889 2537 ssnaeam,
947 2451 990 2505 a
1017 2420 1412 2513 Caffindro
1461 2448 1650 2540 rege·
1684 2423 1766 2501 in
1818 2422 1987 2529 ipfis
2004 2508 2015 2515 ,
2030 2424 2361 2508 faucibus
2374 2480 2400 2521 ‚
2476 2450 2673 2529 quae
2725 2414 3219 2510 Pallenensem

514 2553 554 2615 a
610 2546 621 2556 ‘
691 2559 774 2613 m
797 2552 1086 2610 ceterae
1117 2524 1592 2619 Macedoniae
1629 2546 1982 2629 iungunt,
2032 2528 2407 2607 conditam
2424 2584 2448 2622 ‚
2523 2528 2703 2609 hinc
2740 2530 3219 2631 Toronaico,

509 2638 690 2719 lunc
717 2630 1211 2715 Macedonico
1241 2624 1520 2733 septam
1545 2627 1744 2705 mari.
1795 2626 1966 2707 Liu.
2005 2630 2179 2711 Lib.
2212 2634 2493 2711 XLIV.
2558 2654 2719 2734 cap.
2746 2634 2880 2711 xl.

549 2792 556 2799 -
721 2734 1206 2817 CASSIOPE
1218 2784 1250 2825 ‚
1307 2729 1510 2835 Epiri
1563 2728 1971 2833 oppidum,
2050 2736 2426 2833 Corcyrae
2464 2730 2735 2811 insulae
2762 2758 2869 2839 op
2924 2730 3223 2833 ostrum,

507 2839 712 2921 vnde
731 2838 1080 3019 freqdissens
1106 2830 1442 3013 σείῐὲέξυε
1470 2829 1959 2911 Brundufium
1984 2834 2107 2913 vel
2132 2832 2625 2936 Hydruntum
2644 2835 2728 2915 in
2751 2839 2787 2913 I
2914 2860 3055 2915 am.
3075 2838 3134 2916 l.
3160 2860 3223 2919 1.

563 3001 584 3022 .
619 2968 710 3023 12.
737 2944 833 3019 D.
989 2962 1218 3014 exerc.
1359 2991 1378 3010 .
1690 2981 1705 2993 ·

515 2946 564 3043 S
711 3041 1251 3130 CERCINA‚-
1299 3032 1526 3113 insula
1565 3037 1814 3117 Africa
1854 3042 2285 3140 Byzacena-e
2334 3038 2625 3119 obieffl
2676 3036 2923 3119 versus
2968 3039 3217 3119 orien-

511 3170 702 3241 tem,
754 3168 896 3223 nec
993 3145 1198 3219 rocul
1245 3164 1288 3215 a
1327 3138 1579 3217 littore
1617 3164 1940 3237 remota,
2004 3141 2133 3220 vbi
2162 3140 2443 3221 Gallus
2488 3144 2565 3223 A
2616 3140 2881 3235 uiliuS,
2938 3144 3213 3238 ICtus,
3282 3190 3287 3195 -

509 3249 743 3329 Seruii
769 3245 1072 3349 Sulpicii
1100 3242 1400 3335 doclor,
1451 3238 1890 3345 plerumque
1921 3242 2239 3337 haesisse,
2296 3264 2377 3322 et
2412 3268 2809 3323 maximam
2850 3242 3213 3323 librorum

386 3386 400 3394 ·
509 3374 800 3457 partem
825 3344 1166 3451 scripsiss‘e
1189 3344 1478 3421 dicitur.
1529 3347 1579 3422 l.
1607 3374 1668 3421 2.
1691 3364 1704 3373 ·
1713 3346 1788 3443 §.
1821 3370 1945 3439 43.
1970 3350 2071 3425 D.
2096 3344 2186 3425 de
2212 3348 2388 3448 orig.
2414 3347 2559 3425 iur.

718 3452 1074 3543 CHIOS,
1121 3445 1345 3524 insula
1375 3442 1584 3523 Asiae
1621 3446 1854 3523 littori
1901 3449 2257 3552 propior,
2304 3453 2663 3565 Smyrnae
2706 3466 2787 3523 ct
2816 3444 3213 3525 Clazome-

507 3578 654 3635 nae
677 3548 1024 3645 obuersa,
1071 3548 1296 3625 hodie
1337 3548 1511 3627 Scio.
1637 3550 1726 3625 In
1765 3573 1848 3625 ea
1890 3548 2185 3651 praedia
2223 3550 2500 3628 libertis
2540 3547 3087 3649 libertabusque
3130 3548 3215 3627 in

505 3656 844 3737 alimenta
875 3675 951 3730 et
993 3650 1410 3729 vestiarium
1443 3649 1674 3755 legata
1699 3649 2021 3757 reperies
2058 3650 2261 3759 apud
2282 3651 2795 3735 Modestinurn
2818 3650 2897 3731 in
2923 3650 2977 3729 l.
3008 3670 3211 3753 44³³·-

509 3764 614 3843 D.
649 3760 736 3837 de
767 3758 964 3836 alim.
993 3777 1066 3832 et
1111 3754 1328 3831 cibar.
1358 3754 1497 3851 leg.

715 3858 1117 3939 ClLICIA
1161 3854 1588 3956 ampliffima
1622 3855 2011 3958 prouincia
2046 3852 2291 3946 Asiae,
2340 3880 2533 3973 quae
2572 3850 2805 3959 longo
2838 3851 3071 3933 trastu
3096 3852 3215 3931 in-

504 3985 620 4043 ter
649 3964 994 4041 Taurum
1021 3980 1098 4035 et
1125 3956 1476 4035 Cilicium
1511 3981 1708 4033 mare
1735 3956 2106 4063 porrecla,
2152 3956 2537 4035 montibus
2608 3974 2689 4035 et
2743 3956 2925 4038 mari
2976 3955 3209 4037 veluti

502 4067 736 4145 muris
765 4084 842 4139 et
869 4058 1067 4137 vallis
1110 4085 1148 4135 a
1179 4070 1428 4134 natura
1473 4058 1838 4153 munitur,
1899 4080 1979 4138 et
2034 4060 2217 4139 olim
2255 4058 2337 4135 in
2373 4056 2731 4165 Asperam
2768 4081 2846 4136 et
2884 4060 3212 4163 Campe-

499 4166 722 4247 sstem
763 4161 1244 4243 diuidebatur.
1340 4160 1676 4237 Trachea
1721 4160 1840 4261 vel
1873 4160 2153 4265 Aspera
2178 4161 2647 4266 Pamphyliae
2674 4183 2752 4239 et
2774 4159 3083 4241 Isauriae
3116 4160 3209 4236 fi-

499 4270 762 4351 nitima
789 4265 882 4347 ad
919 4262 1424 4365 Calycadnum
1463 4262 1822 4359 fluuiurm
1877 4263 2330 4371 Campestris
2364 4262 2459 4345 ab
2492 4262 2645 4347 boc
2690 4262 2787 4343 ad
2820 4264 3209 4345 Amanum

2988 4386 3216 4447 mon:-
3281 4404 3293 4412 ·
3362 4468 3371 4475 ι
