3825 4800
684 363 817 436 174
1009 277 1523 418 HisTomA
1566 270 2262 435 echORv-m·
2287 341 2430 422 ET
2477 341 2844 423 EDICTI
2873 343 3140 425 PERP.
3207 427 3214 434 ,

688 485 909 614 rim,
976 539 1107 594 cur
1138 517 1497 602 Iulianum
1544 465 1998 624 §otiffunum
2035 543 2136 601 ex
2155 498 2508 609 -οωεήὸὶιε
2547 523 2904 627 delegem
2933 523 3436 618 matiam„
3579 611 3584 618 ,

744 620 825 698 ui
854 617 1173 697 edic'tum
1204 619 1394 695 istud
1438 621 1883 726 perpetuum
1916 632 2444 730 componeret?
2473 628 2742 724 Eranti
2771 647 2933 704 tum
2961 626 3224 728 procul
3253 627 3430 706 (lu-3.

688 723 819 800 bio
832 777 857 816 ‚
906 721 1039 822 qui
1085 741 1162 796 et
1204 715 1571 802 doctrinae
1583 774 1607 815 ,
1668 743 1743 800 et
1774 725 2024 802 aetatis
2039 779 2064 818 ‚
2125 749 2206 804 et
2239 727 2614 804 honorum
2653 729 3179 831 praerogatiua,
3249 727 3426 804 suo-

690 821 1021 926 quodam
1050 821 1209 898 iure
1292 821 1602 898 ustulare
1636 845 2010 926 poterant,
2059 849 2142 904 vt
2155 825 2285 931 ipfi
2367 829 2562 906 otius
2587 825 2970 906 scribendo
2999 827 3248 905 ediao
3261 827 3394 906 ad·-

685 925 1131 1003 hiberentur.
1284 943 1595 1002 raeterea
1616 925 1970 1004 inuidiam
2051 927 2257 1004 rocul
2361 936 2368 944 ’
2396 928 2518 1006 bio
2545 950 2621 1006 et
2655 927 2784 1006 fibi
2810 950 2892 1004 et
2917 927 3199 1009 Iuliano
3227 953 3409 1017 non.

688 1027 1069 1104 minimam
1099 1022 1460 1103 conflaffet
1482 1011 1952 1122 Hadrianus‚·
1982 1033 2032 1106 11
2059 1049 2234 1106 eum
2255 1026 2492 1108 folum
2519 1051 2597 1106 et
2621 1054 2796 1132 prae
2823 1027 3122 1130 reliquis
3137 1030 3394 1108 omni-

688 1131 837 1224 bus,
853 1127 1030 1208 huic
1055 1125 1263 1230 operi
1295 1149 1543 1232 parem
1572 1126 1972 1215 iudicaffim
2022 1127 2260 1207 laltim·
2281 1155 2448 1208 non·
2469 1130 3056 1234 potuissent'non
3067 1127 3148 1204 id
3170 1153 3407 1230 aegre,

678 1231 873 1311 ferre
898 1225 1345 1330 Proculeiani
1358 1281 1383 1321 ,
1432 1225 1481 1302 fi
1510 1227 1920 1306 Hadrianus
1935 1285 1960 1322 ‚
2008 1229 2221 1308 suum
2247 1230 2598 1308 duntaxat
2624 1229 2974 1332 sequutus
2999 1228 3394 1321 iudicium,

682 1331 1005 1434 diuerlae
1022 1327 1245 1406 scene
1275 1326 1731 1432 antesignano
1758 1334 2142 1432 negotium
2169 1329 2472 1408 dedifl‘et
2495 1329 2850 1410 scribendi
2880 1330 3200 1408 edietum
3319 1354 3396 1426 r·-

682 1455 997 1542 petuum
1013 1484 1037 1525 ‚
1081 1430 1164 1507 in
1185 1427 1403 1547 pleris
1460 1453 1557 1504 ue
1582 1429 2088 1512 controuerfiis
2121 1433 2204 1508 in
2243 1433 2616 1536 posterum
2643 1457 2786 1535 pro
2829 1455 3085 1509 norma
3107 1431 3190 1508 in
3211 1355 3394 1508 {bero

685 1559 762 1614 et
788 1533 1049 1612 scholis
1076 1529 1391 1607 iundicis
1454 1550 1769 1608 uturum.
1820 1533 2153 1637 Oportet
2165 1557 2344 1636 ergo
2357 1531 2656 1610 oeufl‘am
2681 1531 2886 1612 fuiffe
2912 1530 3396 1626 iustiffimam,

680 1655 817 1716 cur
840 1633 1199 1714 Iulianum
1228 1627 1525 1732 reliquis
1558 1633 1899 1708 omnibus
1931 1634 2088 1710 eius
2111 1635 2361 1712 aetatis
2377 1631 2906 1712 -hiriscmisultis
2945 1629 3390 1734 praeferret,

510 1793 517 1798 ·
680 1742 763 1815 e't
787 1735 1005 1814 talem
1050 1729 1353 1835 quidem
1380 1783 1405 1823 ,
1476 1754 1561 1808 vt
1593 1759 1687 1808 ne
1725 1733 2014 1836 poss‘ent
2055 1733 2364 1836 quidem
2396 1734 2662 1834 reliqui
2703 1733 2986 1812 Iuliano
3025 1732 3397 1825 inuidere.

682 1837 1002 1945 Qalem
1030 1839 1213 1910 vero
1238 1858 1281 1908 e
1330 1855 1381 1908 o
1400 1857 1559 1910 non
1592 1831 1800 1910 aliam
1825 1835 2142 1938 reperire
2241 1835 2472 1915 offum
2489 1888 2514 1928 ,
2565 1857 2790 1935 quam
2835 1831 3046 1935 quod
3091 1857 3186 1908 eo
3214 1831 3392 1938 ipso

681 1964 879 2020 anno
1030 1957 1230 2012 etura
1288 1933 1545 2012 unci-us
1574 1933 1659 2010 fit
1687 1931 2028 2014 Iulianus.
2121 1939 2159 2012 1
2235 1934 2713 2039 fiponamuffi
2777 1933 2988 2011 facile
3019 1935 3396 2026 rationem

540 2097 543 2104 .
680 2041 790 2123 sui
814 2043 894 2118 iu
950 2037 1068 2116 'cii
1091 2034 1397 2114 reddere
1420 2037 1671 2139 potuit
1694 2034 2128 2116 Hadrianus.
2225 2038 2376 2116 Cui
2407 2036 2608 2112 enim
2635 2035 2752 2112 alii
2790 2033 3008 2112 ediffl
3031 2033 3392 2140 praetorii

678 2138 1083 2228 adornandi
1115 2161 1361 2214 curam
1394 2136 1552 2215 iure
1576 2137 1871 2240 potiore
1890 2135 2408 2228 demandaffet,
2457 2161 2682 2238 quam
2707 2135 3066 2228 Praetor-i,
3088 2135 3214 2212 cui
3224 2135 3392 2239 ipsa

676 2237 1241 2351 quodammodo
1279 2233 1505 2314 officii
1530 2239 1715 2313 ratio
1751 2235 1956 2314 hunc
1993 2237 2316 2314 laborem
2355 2237 2746 2340 imponere
2788 2236 3217 2320 videbatur?
3289 2239 3392 2316 Et

677 2348 848 2453 quis
878 2337 1147 2447 quaeso
1180 2358 1603 2443 praetorum
1644 2339 1869 2441 magis
1902 2337 2131 2415 labori
2173 2337 2278 2415 issi
2319 2361 2450 2441 par
2487 2337 2719 2415 videri
2812 2359 3083 2432 oterat,
3145 2361 3386 2439 quam

674 2440 1224 2527 iurisconsultus
1252 2438 1373 2515 ine
1400 2437 1871 2517 nobiliffimus
1888 2445 1922 2515 ?
1967 2438 2484 2519 Conieehiram
2525 2438 2722 2517 hanc
2797 2466 2902 2520 *ne
2942 2464 3039 2515 ne
3081 2439 3386 2517 inanem

674 2566 751 2629 at
804 2552 900 2623 ue
940 2539 1500 2660 improbabilem
1542 2563 1684 2641 ego
1728 2538 2142 2616 existimem
2168 2593 2193 2634 ‚
2269 2539 2520 2617 multis
2555 2562 2874 2619 moueor
2909 2539 3386 2642 argumentis-

674 2654 928 2732 Prlmo
956 2668 1157 2723 emm
1184 2640 1617 2720 Iustinianus
1642 2639 1721 2717 in
1751 2640 2036 2717 Graeca
2063 2636 2541 2738 constitutione
2560 2642 2652 2719 >de
2673 2642 3199 2745 confimatione
3230 2640 3384 2717 Di-

665 2750 1031 2856 gestorum⁵
1050 2747 1119 2843 §.
1144 2755 1240 2830 18·
1283 2740 1741 2819 Hadrianum
1762 2739 2294 2847 componendo
2318 2740 2578 2830 Edicsto
2608 2764 2976 2848 perpetuo
3001 2740 3402 2819 adhibuis—.
3447 2754 3462 2765 ·

669 2855 747 2933 se
772 2852 873 2928 ait
914 2851 1025 2927 τὸν
1064 2847 1367 2953 κξοίτιςου
1393 2848 1722 2923 'lammam
1838 2856 2194 3021 &arta-84·
2232 2843 2432 2921 enim
2467 2842 2700 2922 distes
2711 2898 2736 2937 ‚
2786 2844 2920 2948 qui
2961 2841 3380 2921 honoribus

637 2955 1181 3057 fungerentur,
1231 2945 1379 3023 Lib.
1402 2946 1461 3021 I.
1492 2944 1655 3047 Cap.
1684 2946 1745 3021 I.
1756 2944 1823 3042 §.
1943 3000 1962 3021 .
1989 2942 2530 3021 obsemauimus
2545 2999 2570 3038 ‚
2603 2966 2690 3037 ,et
2719 2948 2816 3023 ita
2843 2946 2945 3022 ob
2971 2944 3210 3046 gestos
3225 2942 3376 3019 ho-

670 3078 889 3135 nores
912 3050 1339 3153 frequenter
1364 3044 1763 3149 adpellatur
1790 3044 1895 3125 Vl
1947 3046 2150 3126 ianus
2181 3070 2222 3122 a
2247 3044 2675 3123 Modestino
2703 3048 2754 3125 l.
2781 3076 2844 3124 2.
2869 3050 2936 3144 §-
2958 3047 3094 3123 vlt.
3125 3066 3198 3121 et
3224 3046 3277 3121 l.
3293 3072 3380 3139 4.
3429 3112 3445 3119 -

676 3162 744 3257 §.
778 3182 826 3235 1.
861 3156 957 3245 D.
984 3152 1071 3229 cle
1099 3145 1404 3248 excusbt.
1435 3167 1654 3225 tutor.
1702 3148 1755 3225 l.
1786 3176 1847 3225 2.
1924 3202 1944 3223 .
1961 3174 2030 3242 5.
2053 3148 2150 3223 D.
2231 3148 2310 3225 ui
2321 3166 2472 3249 pet.
2504 3146 2644 3225 t‘ut.
2697 3172 2836 3225 nec
2861 3146 2991 3233 alia
3017 3146 3204 3226 ratio
3235 3146 3376 3238 est,

669 3255 909 3336 curin
951 3250 1259 3343 Afflbus
1294 3247 1709 3352 apostolicis
1742 3250 2038 3355 κςοίτιςοι
2067 3268 2158 3322 au
2214 3248 2230 3263 ’
2275 3266 2362 3324 nt
2400 3247 2652 3323 Festus
2691 3270 2771 3325 et
2799 3248 3042 3341 Felix,
3090 3250 3390 3325 Proca--

666 3380 941 3440 ratores
973 3350 1289 3432 Caesaris
1306 3402 1329 3443 ‚
1378 3346 1575 3455 apud
1586 3348 2052 3439 Plutarchum
2074 3348 2462 3426 Fundanus
2475 3400 2500 3441 ‚
2545 3348 2742 3452 apud
2765 3346 3164 3451 Iosephum
3175 3350 3382 3453 Epa-

728 3456 1065 3539 hroditus
1081 3508 1105 3549 ,
1168 3450 1367 3556 apud
1392 3449 1751 3527 Iustinum
1792 3452 2196 3551 Martyrem
2241 3449 2678 3551 Diognems.
2791 3454 3051 3553 Itaque
3079 3450 3384 3529 honore

667 3486 1004 3643 funerum
1028 3572 1329 3659 oportet
1352 3550 1709 3630 Iulianum
1725 3606 1749 3646 ‚
1798 3574 2034 3651 quum
2049 3549 2386 3629 Edistum
2411 3571 2855 3665 perpetuum
2879 3552 3382 3633 concinnaret.

670 3660 966 3743 Deinde
992 3660 1407 3737 Praeturam
1429 3650 1637 3729 illum
1666 3650 1930 3754 gefliss'e
1940 3706 1966 3747 ‚
2011 3676 2242 3729 nemo
2264 3648 2645 3744 dubitabit,
2693 3678 2928 3755 quum
2943 3650 3132 3757 ipsae
3149 3655 3376 3731 Prae-

672 3786 875 3843 turae
902 3758 1067 3837 suae
1094 3754 1511 3835 meminerit
1538 3754 1592 3831 l.
1610 3780 1679 3846 5.
1707 3754 1807 3829 D.
1832 3752 1924 3829 de
1943 3747 2332 3852 manumtff
2355 3750 2548 3834 vind.
2645 3754 2852 3871 Qid
2897 3778 3076 3857 ergo
3103 3752 3377 3857 probi..

672 3863 872 3957 beat,
922 3882 1081 3963 quo
1107 3860 1351 3935 minus
1392 3880 1566 3932 eum
1605 3854 1759 3931 hoc
1785 3851 1946 3957 ipso
1979 3878 2175 3931 anno
2213 3856 2632 3933 Praetorem
2655 3854 2862 3941 fuifl'e
2901 3854 3320 3935 censeamus
3337 3910 3370 3951 ‚

672 3986 913 4071 quum
936 3983 1075 4037 nec
1102 3958 1457 4063 temporis
1486 3954 1673 4033 ratio
1689 4008 1712 4048 ‚
1762 3979 1905 4031 nec
1929 3954 2122 4032 aliud
2153 3950 2562 4055 quidquam
2585 3955 2760 4033 huic
2783 3956 3222 4035 diuinationi
3248 3980 3376 4033 re·—

667 4083 973 4172 pugnet.
1066 4062 1411 4159 Denique
1426 4110 1448 4151 ,
1478 4056 1687 4161 quod
1716 4054 2149 4161 palmarium
2169 4054 2296 4147 est,
2345 4054 2706 4133 Iulianum
2735 4056 2980 4135 edicio
2999 4055 3374 4159 quaedam

663 4166 863 4251 noua
894 4160 1123 4269 capim
1139 4214 1165 4258 ,
1213 4158 1444 4264 veiuti
1473 4156 1807 4268 edietum,
1822 4156 1910 4242 de
1935 4156 2442 4261 coniungenda·
2461 4182 2619 4241 cum
2647 4159 3092 4263 „ematxcipato
3115 4158 3374 4271 liberti·

1168 4288 1174 4295 ·
2040 4316 2044 4323 ·
2545 4282 2554 4291 ·
3211 4282 3360 4345 em

3664 428 3675 468 A*

3690 593 3698 642 ——
3695 449 3697 458 A
3695 384 3698 394 ,

3674 1208 3689 1216 Ι
3671 1019 3680 1071 ss-
3672 822 3680 963 **
3664 651 3676 695 -Λ-
3658 551 3678 582 1.
