3825 4800
660 389 814 473 ,525
935 417 946 422 -

1493 361 1935 456 ΕῠῙεΤῙ
1996 330 2597 460 PERPETvr'
2691 385 2701 390 ·

679 593 896 666 πυτ,
949 587 1260 658 moyn
1313 583 1413 646 m
1471 587 1786 662 ipsvm,
1828 583 2146 659 Natum
2218 586 2325 649 IN
2392 539 2639 656 Eva,
2714 558 2861 648 ΑΠ’
2927 586 3191 658 osma
3262 589 3387 650 EA

679 705 818 766 aas
868 701 1308 766 rmrmss‘r,
1363 699 1787 760 ΑοτιοΝΕΜ
1847 701 2087 760 nAno.
2124 675 2225 786 g)
2608 709 2613 714 ·
2878 743 2885 752 .

959 787 1031 904 §.
1082 789 1134 875 1.
1203 788 1290 875 Si
1345 789 1482 901 qui
1524 786 1730 900 petit
1745 849 1768 891 ,
1797 783 1900 898 h)
1960 785 2433 876 conditione
2477 785 2738 876 delata
2774 787 3149 878 iurauerit
3162 849 3189 884 ‚
3264 813 3396 874 te-

775 1071 854 1171 g)
871 1091 1252 1146 ACTIONEM
1289 1072 1538 1167 DABQ]
1563 1070 1760 1144 Nam
1773 1067 1979 1174 post-

681 1194 905 1270 quam
965 1169 1286 1246 iuratum
1347 1170 1490 1263 cst,
1573 1167 1766 1246 dene
1817 1192 1981 1246 atur

677 1269 908 1363 afflo,
957 1292 1083 1347 aut
1121 1266 1173 1346 fi
1199 1267 1686 1348 controuerfia
1713 1295 1754 1346 e
1834 1324 1857 1362 ,
1897 1267 1979 1346 id

677 1371 814 1464 est,
841 1368 891 1447 fi
915 1369 1326 1473 ambigitur,
1352 1397 1444 1449 an
1469 1370 1979 1450 iusiurandum

679 1473 936 1550 datum
979 1469 1098 1566 fit,
1147 1473 1570 1575 exceptioni
1600 1471 1806 1548 locus
1849 1471 1978 1548 est.

680 1600 967 1653 vrmAN.
1016 1573 1180 1652 ibid.
1223 1573 1279 1652 l.
1291 1599 1362 1666 9.
1390 1575 1624 1677 princ.
1675 1575 1774 1651 D.
1831 1571 1977 1652 eod.

679 1678 799 1756 tit.
931 1751 938 1756 ,

777 1776 864 1876 h)
913 1777 1068 1882 Qi
1121 1775 1394 1879 petit.]
1467 1773 1977 1879 Qemadmo-

677 1879 866 1957 dum
912 1881 1113 1954 enim
1141 1876 1607 1954 iureiurando
1654 1875 1828 1952 dato
1859 1871 1981 1952 vel

681 1975 971 2059 remisso
1027 2003 1196 2055 reus
1257 1976 1578 2078 adquirit
1633 2004 1760 2056 exc
1841 1978 1979 2056 tio-

683 2107 844 2160 nem
883 2077 1009 2156 fibi
1041 2078 1382 2180 aliisque,
1429 2077 1523 2156 de
1582 2103 1726 2180 qua
1791 2102 1979 2193 upe—

681 2183 878 2262 riore
921 2183 990 2278 §.
1032 2179 1307 2258 astum:
1383 2181 1480 2256 ita
1521 2180 1719 2258 ειέὶοι·
1753 2179 1979 2257 acho-

679 2308 857 2362 nem
886 2280 1156 2358 eodem
1195 2277 1430 2358 modo
1479 2280 1837 2382 adquirit,
1897 2281 1979 2356 in

681 2408 830 2487 qua
860 2382 1010 2459 hoc
1037 2379 1272 2459 solum
1304 2381 1711 2482 quaeritur,
1737 2407 1830 2460 an
1862 2380 1978 2458 iu-

682 2482 989 2575 rauerit,
1057 2480 1213 2558 dari
1251 2478 1379 2558 fibi
1425 2504 1808 2586 oportere,
1855 2480 1977 2559 vel

683 2605 924 2687 quum
949 2582 1183 2661 iurare
1210 2602 1498 2686 paratus
1519 2582 1710 2677 effet,
1750 2582 1981 2658 iusiu-

683 2680 994 2765 randum
1017 2684 1086 2759 ei
1113 2678 1478 2761 remiffum
1517 2682 1644 2761 est.
1695 2686 1802 2761 Ita
1819 2680 1977 2763 sen—

679 2784 986 2865 tentiam
1010 2783 1229 2861 huius
1241 2784 1311 2881 §.
1327 2781 1665 2863 describit
1693 2810 1977 2865 vLmAN.

685 2886 836 2966 Lib.
865 2886 1096 2963 XXII.
1131 2884 1238 2963 ad
1269 2884 1481 2963 Ediel.
1527 2887 1578 2963 Ι.
1602 2912 1673 2977 9.
1720 2888 1785 2983 §.
1803 2910 1854 2964 1.
1877 2886 1977 2962 D.

687 2988 776 3067 de
811 2986 1110 3086 iureiur.
1191 2986 1360 3062 Nec
1405 2986 1612 3064 aliter
1648 2986 1979 3063 Iustinia-

685 3112 828 3167 nus
859 3090 930 3187 §.
954 3112 1035 3165 ιι..
1060 3083 1229 3185 Inst.
1262 3086 1350 3163 de
1387 3089 1629 3168 α’έῖὶοη.
1692 3093 1796 3183 εκζ
1818 3110 1977 3189 quo

681 3186 944 3270 itidem
993 3184 1333 3266 discimus
1351 3244 1376 3284 ,
1423 3214 1585 3267 eam
1617 3188 1979 3267 achonem

685 3298 784 3369 ‘cx
813 3286 1058 3366 edicio
1091 3292 1444 3393 praetoris
1473 3290 1631 3369 effe.
1729 3290 1980 3369 Potest

603 3446 612 3455 -
683 3414 866 3468 vero
881 3389 1310 3468 huiusmodi
1334 3391 1834 3471 iusiurandum
1848 3391 1979 3468 de-

685 3492 878 3571 ferre
923 3490 1205 3584 minor,
1256 3494 1388 3593 qui
1447 3514 1696 3572 tamen
1751 3492 1977 3571 cauffi

687 3592 978 3697 cognita
1025 3592 1107 3667 in
1153 3592 1522 3695 integrum
1559 3595 1837 3698 poterit
1861 3620 1978 3671 re-

683 3692 914 3773 stitui.
1009 3692 1143 3771 Sic·
1161 3714 1238 3770 et
1268 3692 1318 3772 fi
1349 3696 1519 3796 quis
1541 3698 1624 3773 in
1643 3694 1975 3775 fiaudem

688 3794 1140 3873 creditorum
1205 3794 1709 3875 iusiurandum
1771 3796 1979 3875 debi-

678 3898 832 3974 tori
854 3895 1220 3989 detulerit,
1243 3894 1583 3975 aduersus
1599 3900 1979 4003 exceptio-

683 4022 858 4073 nem
891 3997 1344 4076 iurisiurandi
1377 4024 1458 4077 re
1512 3998 1758 4077 licatio
1783 3996 1977 4078 israu-

683 4097 800 4173 'dis
874 4096 1358 4177 creditoribus
1489 4101 1735 4179 ehebit
1803 4102 1981 4181 dari.

685 4196 1006 4278 meib.
1032 4202 1262 4297 XXII.
1299 4203 1406 4282 ad
1421 4202 1634 4285 Edia.
1663 4204 1715 4284 Ι
1719 4230 1793 4300 9.
1819 4207 1883 4305 §.
1897 4214 1977 4303 4.

3034 895 3402 988 nfiffum-
3437 1007 3457 1014 -

2066 1093 2135 1164 5.
2172 1071 2272 1148 D.
2291 1068 2437 1146 eod.
2454 1069 2572 1148 tit.
2618 1071 2854 1148 Porro
2881 1069 3205 1154 delatum
3224 1072 3391 1154 hoc

2072 1169 2581 1248 iusiurandum
2610 1166 2929 1275 prodests
2952 1174 3198 1270 aciori,
3216 1201 3391 1255 non

2076 1271 2311 1354 modo
2355 1268 2409 1347 fi
2454 1269 2607 1376 ipse
2652 1273 3029 1371 iurauerit,
3057 1273 3183 1353 sed
3218 1301 3307 1354 et
3330 1275 3387 1355 fi

2076 1370 2417 1450 defensor
2493 1373 2648 1450 eius
2731 1376 2850 1452 vel
2938 1402 3390 1482 procurator

2077 1474 2507 1552 conditione
2566 1473 2801 1554 delata
2858 1479 3384 1561 iusiurandum

2074 1574 2379 1654 dederit.
2504 1577 2861 1656 Ceterum
2906 1579 2989 1658 ’ᾗ
3064 1585 3385 1687 petitor,

2075 1677 2458 1780 possessore
2502 1676 2911 1776 deferente,
2963 1708 3119 1761 rem
3162 1681 3378 1762 suam

2062 1777 2213 1856 effe
2226 1833 2251 1874 ,
2303 1780 2651 1860 iurauerit
2673 1834 2699 1875 ,
2769 1781 2997 1861 actori
3080 1785 3385 1866 dabitur
3414 1849 3434 1866 ,

2072 1880 2258 1959 affio
2276 1935 2298 1974 ,
2333 1877 2457 1958 sed
2488 1879 2825 1962 aduersus
2855 1909 3029 1962 eum
3058 1909 3385 1984 tantum,

2074 1983 2209 2085 qui
2260 1981 2761 2071 iusiurandum
2810 1985 3116 2082 detulit,
3172 1991 3383 2070 eiu&-

2076 2108 2227 2187 que
2294 2081 2721 2162 successores
2736 2141 2759 2179 ,
2818 2112 2976 2166 non
3024 2091 3377 2170 aduersus

2072 2185 2407 2264 tertium:
2440 2185 2651 2287 quod
2678 2207 2755 2264 et
2768 2209 2949 2267 tunc
2976 2192 3227 2271 locum
3240 2193 3381 2276 ha-

2073 2287 2241 2381 bet,
2286 2282 2338 2362 fi
2372 2285 2713 2405 possessor
2727 2342 2752 2385 ,
2795 2291 3116 2395 petitore
3164 2295 3375 2374 defe-
3456 2385 3475 2400 ,

2072 2409 2279 2467 rente
2297 2412 2681 2485 iurauent,
2715 2418 2867 2471 rem
2877 2393 3221 2497 petitoris
3230 2426 3377 2479 non

2078 2486 2227 2589 effi,
2274 2486 2635 2592 siquidem
2666 2514 2744 2571 et
2758 2512 2952 2573 ‘tunc
2984 2501 3371 2605 exceptio-
3418 2583 3420 2585 ,
3510 2570 3526 2579 -

2077 2614 2255 2705 uem
2286 2590 2591 2692 quidem
2616 2594 2840 2676 habet·
2868 2598 3207 2701 aduersus
3233 2631 3369 2709 pe-

2074 2710 2375 2768 ntorem
2388 2746 2425 2785 ,‚
2472 2718 2633 2772 non
2689 2718 2958 2789 autem·
2978 2702 3367 2802 astionem,

2074 2816 2127 2869 n
2228 2818 2321 2870 ue
2336 2791 2673 2875 aduersus
2690 2801 3087 2904 petitorem
3114 2808 3369 2910 postea
3446 2892 3457 2901 ,

2072 2916 2180 3071 Po
2232 2894 2599 2993 identem,
2640 2923 2887 3003 neque
2930 2904 3271 2987 aduersus
3300 2938 3371 2989 a·

2075 3018 2254 3112 ‘ium
2318 3012 2905 3104 quemcumque,
2983 3008 3159 3110 quia
3206 3038 3365 3093 non

2072 3098 2339 3175 lurauit
2380 3124 2532 3177 rem
2563 3098 2777 3201 fitam
2820 3105 2983 3207 affl,
3040 3108 3193 3211 fid·
3215 3117 3369 3195 eius
3498 3188 3510 3195 .

2074 3224 2209 3275 non
2242 3194 2387 3301 effe.
2486 3194 2758 3282 Eadem
2800 3208 2989 3287 affio
3036 3234 3365 3316 quomo·

2074 3297 2179 3374 do
2202 3298 2451 3378 locum
2486 3303 2795 3402 habeat,
2824 3308 2873 3385 fi
2918 3314 3087 3415 quis
3118 3314 3364 3397 Vsum-

2076 3398 2393 3477 frmstum
2426 3402 2725 3485 alicuius
2786 3412 2927 3507 rei,
2982 3414 3099 3491 vel
3160 3421 3359 3520 quati

2075 3497 2597 3583 vsutnfruRum
2612 3561 2637 3601 ,
2715 3513 2835 3589 vel
2882 3516 3367 3603 hereditatem

2074 3598 2201 3719 fibi
2219 3627 2683 3710 competere,
2716 3616 2835 3693 vel
2866 3615 3205 3697 libertum
3232 3624 3361 3703 ali-

2056 3728 2285 3781 -cuius
2323 3704 2397 3783 se
2446 3732 2603 3787 non
2638 3712 2813 3812 effe,
2880 3720 2998 3796 vel
3042 3720 3359 3805 fundum

2076 3803 2291 3883 suum·
2323 3808 2495 3905 effe,
2548 3815 2665 3891 vel
2714 3814 2786 3895 se
2858 3812 3140 3902 furtum
3202 3852 3357 3907 non

2072 3904 2331 4005 secale,
2359 3911 2481 3989 vel
2510 3911 2580 3991 se
2600 3918 2992 4000 vendidifle
3020 3925 3177 4005 'rem
3192 3945 3360 4009 cen·

2078 4031 2237 4085 tum
2254 4065 2278 4102 ,
2336 4012 2456 4089 vel
2491 4014 2911 4100 societatem
2942 4024 3175 4107 feciffie
3189 4088 3213 4127 ,
3240 4035 3357 4111 vel

2074 4109 2179 4187 ob
2230 4110 2491 4231 decem
2533 4118 2822 4236 pignori
2860 4120 3137 4219 'dedisse
3189 4132 3356 4213 fun-

2070 4209 2291 4309 dum,
2330 4239 2483 4297 iura
2492 4242 2707 4303 uerit:
2770 4224 3185 4332 disquinmt
3234 4261 3359 4314 vr:-

3170 4362 3354 4418 mm.
