3825 4800
576 494 585 506 ,
682 414 821 491 754
1026 386 1537 473 H1sToR1A
1598 388 1745 469 m:
1794 386 1982 469 RES
2029 386 2442 471 GESTAE
2498 378 3026 473 Lvoowm

690 552 1517 755 quaffiostei1tator,
1598 596 1735 652 ceu
1782 573 1879 653 de
1969 574 2335 699 Muciano
2401 598 2908 656 conmmvs
2979 598 3386 660 ‘raet-rvr·

686 694 859 797 prae
1056 735 1299 858 ⁰V111.
1346 778 1731 855 Postremo
1774 802 2012 883 quum
2057 774 2238 855 nihil
2289 778 2408 871 fit,
2443 778 2665 880 quod
2710 779 2936 883 magis
2971 780 3230 871 deceat
3267 802 3384 854 or-

684 904 817 959 net
870 906 965 957 ue
986 881 1709 984 bonumprincipem
1728 934 1751 973 ,
1784 904 2008 982 quam
2033 880 2258 957 animi
2287 878 2754 983 magnitude,
2781 882 3126 959 omnibus
3147 880 3387 956 omni-

686 1006 789 1059 no
844 980 1147 1061 ordibus
1174 1006 1249 1059 et
1291 982 1891 1087 corruptionibus
1925 980 2286 1085 filperior:
2331 982 2522 1059 hanc
2575 1006 2886 1084 quoque
2915 984 3272 1061 virtutem
3301 981 3388 1057 ab
3513 1046 3528 1053 -

684 1082 831 1187 ipsa
862 1082 1339 1163 adolescentia
1368 1086 1465 1162 ita
1504 1082 1881 1187 expreffit,
1937 1104 2020 1159 vt
2057 1082 2240 1159 teste
2279 1108 2684 1177 ammona,
2715 1087 2786 1185 i)
2847 1112 3047 1162 nemo
3075 1083 3386 1162 muneri-

684 1188 817 1263 bus
842 1211 1125 1265 corrum
1172 1214 1328 1281 ere,
1368 1206 1565 1265 nemo
1592 1188 1681 1265 ab
1710 1186 1825 1264 illo
1895 1186 2147 1263 ecunia
2179 1186 2504 1289 aliquam
2531 1186 2954 1286 &gnitatem
2975 1185 3138 1283 siue
3167 1184 3380 1263 eccle-

664 1284 1025 1388 fiasticam
1038 1344 1061 1383 ,
1070 1208 1231 1387 fise
1255 1290 1685 1368 mundanam
1697 1206 1918 1389 poffiit
1947 1287 2296 1379 obtinere,
2339 1286 2464 1362 sed
2489 1284 2684 1363 illam
2703 1288 2950 1391 probis
2979 1288 3282 1365 moribus
3309 1306 3380 1360 et

666 1386 961 1491 Jam‘lae
994 1388 1505 1491 conuetfatiom'
1514 1444 1537 1483 ,
1590 1391 1777 1467 hanc
1815 1386 2374 1487 deuotofi’ruitia
2416 1410 2492 1466 et
2502 1386 2828 1487 fin‘cerae
2841 1388 3208 1492 fidelitati
3245 1386 3382 1463 do-

682 1514 914 1569 naret.
1092 1516 1257 1571 uam
1288 1492 1433 1569 vile
1456 1492 1562 1568 ini
1590 1514 1845 1567 aurum
1874 1489 2120 1581 fuerit,
2149 1490 2296 1566 iam
2333 1514 2431 1566 ex
2478 1515 2854 1571 MONACHO
2895 1514 3382 1568 sumamus:

682 1592 1027 1673 vidimus.
1168 1593 1321 1672 uod
1338 1594 1562 1671 huius
1592 1593 1877 1669 virtutis
1892 1589 2290 1695 specimen,
2317 1593 2655 1693 quamuis
2687 1592 2780 1669 ad
2803 1612 3206 1671 extremam
3225 1592 3382 1667 eiua

680 1696 995 1775 aetatem
1014 1702 1423 1801 pertineat,
1470 1716 1905 1797 argumento
1927 1714 2176 1769 tamen
2203 1694 2310 1769 est
2339 1692 2936 1785 luculentiffimO,
2978 1696 3122 1773 iam
3165 1720 3204 1769 a
3237 1690 3379 1796 pri-

680 1822 801 1873 ma
829 1820 1065 1877 aetate
1092 1822 1267 1877 eum
1306 1800 1393 1877 ab
1424 1796 1773 1874 omnibus
1816 1792 2150 1873 sordibus
2197 1798 2560 1899 omnique
2612 1796 2926 1875 habendi
2985 1792 3384 1901 cupiditate

681 1896 889 1975 fuiffe
919 1899 1441 1977 alieniffimum.
1540 1896 1745 1977 Solet
1774 1897 1973 1975 enim
2003 1894 2185 1974 illud
2217 1896 2482 1975 vitium
2515 1922 2673 1975 non
2697 1896 3222 1977 decrescere-ac
3245 1900 3384 1973 mi-

680 1998 818 2077 nui
840 2024 981 2103 per
1002 2022 1347 2097 aetatem,
1398 2000 1519 2079 sed
1540 2022 1712 2077 cum
1740 1998 1907 2117 ipsis
1937 2000 2140 2080 annis
2161 2000 2386 2103 magis
2417 2003 2798 2105 magisque
2822 1999 3268 2105 amplificari,
3301 2018 3381 2075 vt

681 2120 1095 2206 numquam
1146 2103 1243 2181 de
1282 2104 1553 2183 viatico
1588 2126 1823 2207 magis
1838 2156 1863 2195 ,
1908 2126 2134 2204 quam
2173 2102 2476 2211 qpando
2515 2104 2644 2179 illo
2685 2128 2842 2180 non
2871 2126 3067 2207 opus
3090 2101 3204 2179 est
3231 2125 3380 2177 am·

684 2201 877 2307 plius
894 2258 919 2299 ,
950 2205 1273 2285 laborare
1298 2206 1699 2285 videantur.
1798 2208 1968 2281 Nec
2007 2206 2372 2283 minorem
2416 2206 2494 2281 in
2535 2230 2634 2281 eo
2671 2206 2894 2283 animi
2945 2200 3378 2322 magnitudi-

682 2327 858 2383 nem
884 2308 1241 2404 ostendit,
1268 2306 1481 2412 quod
1519 2306 1854 2385 vidiorias
1877 2303 2038 2387 suas
2061 2304 2442 2385 clementia
2475 2328 2932 2412 temperaret,
2947 2304 3130 2383 nilul
3159 2304 3378 2410 adpe-

682 2429 874 2484 teret
900 2409 1111 2486 alieni
1130 2465 1153 2504 ,
1258 2413 1389 2488 uin
1434 2410 1524 2488 ab
1553 2406 1720 2511 ipfis
1752 2407 2116 2502 vie‘coriiS,
2145 2427 2318 2486 curn
2351 2409 2753 2487 multorum
2797 2407 3377 2490 Christianorum

682 2507 885 2584 clade
922 2511 1199 2592 coniun
1270 2513 1366 2605 is,
1398 2511 1841 2586 abhorreret.
1890 2511 2112 2603 Sane,
2140 2511 2354 2615 profli
2479 2537 2530 2588 o
2557 2511 2894 2590 Lotharii
2921 2511 3156 2588 fiatris
3173 2534 3378 2588 exer-

685 2609 862 2702 citu,
902 2635 997 2685 eo
1024 2609 1289 2689 adduci
1316 2635 1473 2688 non
1500 2611 1785 2716 potuit,
1814 2632 1899 2686 vt
1924 2635 2222 2689 cruenta
2253 2533 2556 2692 vifflia
2573 2611 2960 2706 frueretur,
2997 2635 3074 2690 et
3099 2611 3378 2716 fiagien-

680 2707 873 2786 tium
897 2711 1220 2792 hostium
1244 2709 1451 2830 perse
1508 2731 1806 2788 ueretur
1830 2711 2192 2815 reliquias.
2227 2714 2303 2812 k)
2401 2717 2606 2792 Idem
2639 2741 2872 2818 quum
2901 2715 3182 2794 Carolo
3213 2713 3374 2792 cal-

688 2835 795 2886 uo
834 2808 1031 2890 fratri
1078 2839 1279 2918 regm
1321 2737 1625 2892 Lot‘imi
1732 2814 1823 2892 ici
1866 2838 2147 2920 partem
2193 2838 2500 2894 mortuo
2541 2818 2900 2895 Lothario
2931 2821 3025 2894 II.
3055 2814 3378 2893 extorsis-

582 2989 585 2992 .
684 2909 831 3009 set,
860 2917 1191 3020 religioni
1234 2914 1359 2994 fibi
1404 2915 1621 2994 duxit
1666 2918 1681 2932 ’
1716 2916 1897 3008 lam,
1941 2917 2121 2995 vino
2163 2918 2564 2995 Ludouico
2589 2923 2682 2996 11.
2732 2921 3226 3022 Imperatore,
3261 2919 3379 2996 fibi

688 3017 1041 3113 retinere,
1089 3017 1215 3096 sed
1266 3017 1609 3098 inusitato
1676 3017 2148 3100 abstinentiae
2207 3020 2560 3126 exemplo
2614 3045 2774 3098 eam
2825 3045 3007 3096 vero
3067 3020 3380 3106 domino

686 3117 884 3195 vltro
964 3122 1281 3200 restituit
1300 3177 1323 3216 ,
1448 3121 1779 3198 bonitate
1872 3141 2168 3198 naturae
2250 3121 2416 3198 suae
2523 3122 2616 3200 hd
2703 3123 2784 3200 id
2867 3121 3160 3200 adastus
3177 3179 3202 3219 ,
3285 3123 3376 3200 ad

688 3219 899 3320 quod
954 3224 1167 3300 armis
1199 3223 1313 3301 adi
1367 3225 1384 3242 '
1430 3247 1471 3300 a
1502 3222 1905 3301 Ludouico
1957 3245 2361 3324 numquam
2377 3223 2748 3329 potuisset.
2811 3223 2872 3324 l)
2936 3227 3380 3304 Annoenim

684 3251 1549 3406 DCCCLXXfflffcum
1576 3325 1998 3427 ingelberga
2011 3379 2033 3417 ,
2081 3349 2426 3404 Lvnovrm
2476 3353 2548 3406 11.
2597 3330 2770 3430 Imp.
2789 3351 3014 3406 vxore
3037 3331 3380 3434 colloquu-

2393 3458 2402 3468 ·
3264 3453 3382 3512 tus

981 3649 1063 3718 ab
1090 3673 1201 3718 ora
1228 3647 1459 3719 vltima
1484 3643 1885 3735 capulotenus:
1920 3651 1990 3722 in
2031 3656 2280 3720 modum
2319 3646 2584 3719 viminis
2625 3649 2948 3720 contraxit
2962 3699 2982 3732 ,
3045 3667 3111 3718 et
3137 3648 3377 3746 stasim

988 3749 1325 3842 adflatum
1352 3751 1691 3844 pristinum
1716 3754 1929 3823 redire
1948 3749 2256 3846 permisit.
2365 3755 2536 3820 Tunc
2565 3751 2764 3840 legati
2779 3747 2992 3846 fimet
3021 3755 3374 3844 adspefian-

928 3930 937 3942 ,
987 3871 1087 3922 tes
1114 3871 1179 3922 et
1206 3858 1300 3923 ad
1316 3859 1691 3924 alterutrum
1728 3853 2206 3948 obstupescentes
2221 3881 2247 3923 .·
2272 3858 2350 3925 -O
2363 3905 2382 3937 ,
2415 3853 2728 3943 ‘inquiunt
2745 3903 2762 3934 ,
2819 3852 3218 3938 principibus
3267 3881 3374 3927 no-

978 3955 1141 4044 stris
1176 3974 1309 4024 tam
1335 3955 1465 4024 vile
1487 3955 1815 4028 videretur
1851 3979 2078 4028 aarum
2091 4007 2110 4042 ,
2161 3975 2225 4028 et
2240 3955 2502 4052 firi-iem
2539 3974 2672 4025 tam
2690 3951 3036 4050 pretiqsiem
3049 3958 3084 4021 .‘

828 4091 885 4178 i)
928 4087 1037 4159 Ad
1064 4109 1186 4158 ann
1242 4091 1391 4176 876.
2456 4109 2479 4118 ·

832 4217 905 4300 k)
951 4213 1251 4286 Nithard.
1280 4213 1426 4284 Lib.
1465 4213 1577 4286 111.
1602 4233 1671 4304 p.
1697 4213 1851 4298 463.
3020 4237 3036 4251 ι

820 4349 879 4444 1)
932 4349 1158 4424 Annal.
1186 4346 1421 4420 Bertin.
1448 4343 1531 4416 ad
1556 4363 1699 4418 ann.
1740 4356 1885 4432 873·
1912 4343 2180 4417 Contin.
2225 4341 2519 4416 Aimonii
2558 4341 2696 4414 Lib.
2727 4341 2835 4414 111.
2865 4341 3026 4434 Cap.
3055 4337 3374 4414 xxvm.
