3825 4800
871 229 916 240 -ὓ

1022 411 1250 498 Trr.
1282 411 1418 498 xi.
1465 413 1606 512 DE
1654 413 1774 497 m
1817 346 1985 498 rvs
2032 359 2721 500 vocATmNE.

482 624 796 699 rantur,
865 624 1010 681 nec
1031 598 1336 706 reliqui,
1384 602 1523 706 qui
1555 601 1648 681 iis
1679 589 1808 680 ad-

483 707 708 802 sunt,
771 705 1058 888 qffiue
1101 721 1410 810 propter
1447 702 1600 784 loci
1639 703 1810 782 reli-

537 812 806 891 ionem
838 807 854 823 ‘
962 831 1004 882 e
1030 802 1104 884 se
1133 829 1440 884 mouere
1453 832 1614 884 non
1685 827 1810 884 os-

514 932 688 991 unt.
782 919 1069 990 vtem.
1117 907 1266 986 Lib.
1319 909 1396 986 V.
1456 908 1561 987 ad
1629 931 1646 956 ⁴
1697 907 1808 986 ὶέῖ.

482 1016 542 1098 l.
581 1044 650 1092 2.
685 1013 786 1090 D.
825 1010 912 1090 de
955 1011 1036 1088 in
1082 1007 1185 1086 ius
1231 1011 1380 1090 boc.
1475 1013 1586 1088 At
1629 1009 1800 1112 qui·-

481 1141 670 1198 nam
695 1111 839 1208 illi,
891 1112 1026 1214 qui
1051 1108 1124 1188 se
1155 1109 1330 1190 inde
1357 1109 1799 1219 propterlo-

481 1222 562 1300 ci
599 1215 1036 1320 religionem
1079 1233 1388 1290 mouere
1429 1225 1590 1292 no‘n
1621 1236 1800 1317 pos-

480 1321 711 1402 sunt?
774 1317 891 1416 Ex
933 1313 1462 1420 plerorumque
1509 1311 1802 1394 senten*

485 1415 602 1504 tia
633 1417 766 1526 ipfi
793 1415 1202 1496 sacerdotes
1219 1471 1244 1512 ‚
1349 1443 1490 1496 uos
1519 1437 1600 1494 et
1627 1414 1796 1492 alibi

481 1524 862 1630 leianus
927 1521 981 1599 l.
1031 1543 1117 1614 13.
1239 1578 1260 1598 .
1387 1575 1406 1598 .
1440 1517 1529 1598 de
1557 1527 1793 1598 vacat.

493 1651 573 1710 et
619 1621 854 1724 σκαιῷ
872 1647 1064 1702 mun.
1079 1647 1116 1698 a
1161 1621 1538 1702 acerdotio
1563 1617 1791 1700 disee-

481 1731 676 1810 ‘dere
716 1725 862 1803 fine
890 1722 1244 1827 religione
1274 1723 1476 1830 poss‘e
1489 1777 1514 1818 ‚
1554 1743 1792 1827 negat.

484 1831 636 1916 Sed
663 1826 864 1910 aliud
887 1825 1032 1918 est,
1087 1849 1126 1902 a
1161 1823 1568 1902 sacerdotio
1607 1825 1797 1902 iudi-

495 1931 712 2015 candi
787 1926 1010 2006 causta
1077 1925 1446 2003 discedere
1459 1964 1485 2020 5
1580 1923 1798 2018 aliud,

495 2053 812 2144 propter
839 2027 1275 2132 religionem
1317 2027 1488 2103 loco
1524 2023 1598 2101 se
1633 2031 1838 2102 mo-‘,

493 2160 681 2214 uere
765 2155 922 2207 non
1017 2129 1241 2232 posse.
1387 2124 1798 2205 Consilium

478 2295 487 2302 .
555 2257 816 2336 uoque
845 2229 1004 2308 satis
1047 2228 1364 2307 mlidum
1399 2227 1508 2304 est
1549 2229 1800 2302 Franc.

583 2333 863 2427 nareni,
911 2331 1152 2436 quiin
1195 2332 1575 2408 Comment.
1609 2324 1798 2407 adh.

492 2436 554 2522 i.
585 2442 752 2541 Cap.
786 2438 925 2515 III.
973 2434 1188 2513 verba
1232 2433 1352 2511 illa
1394 2436 1478 2510 T
1479 2432 1797 2508 ribonia-

488 2540 814 2623 nismum
851 2534 1184 2615 redolere
1197 2590 1222 2629 ‚
1274 2554 1353 2613 et
1391 2532 1482 2611 ad
1532 2556 1792 2609 mona-

491 2646 675 2725 chos
705 2637 1120 2747 pertinuisse
1149 2634 1557 2741 suspioetur.
1621 2638 1787 2713 No-

491 2748 605 2827 bis
635 2768 896 2823 omnes
907 2797 934 2837 ‚
986 2768 1027 2853 q
1041 2742 1118 2818 ui
1149 2738 1354 2817 sacris
1370 2740 1788 2833 intererant,

489 2848 840 2933 videntur
866 2781 1095 2923 intelli
1143 2840 1340 2919 endi.
1435 2838 1548 2918 Illi
1590 2848 1790 2917 enim

485 2970 806 3060 ‘propter
844 2946 988 3054 loci
1031 2970 1110 3021 re
1131 2944 1464 3055 ‘ig-ionem
1505 2942 1680 3059 inde
1715 2939 1790 3019 se

490 3074 806 3133 mouere
863 3070 1023 3125 non
1073 3055 1462 3151 poterant,
1538 3068 1791 3148 prius·-

485 3174 722 3261 quam
845 3148 1174 3231 sacerdos
1313 3144 1792 3225 exclamasset:

491 3252 786 3337 ΛΑΟῙΣ
829 3258 1206 3352 ΑΛΕΣΙΣ,
1269 3250 1391 3327 vel
1419 3248 1624 3354 apud
1649 3250 1789 3329 La·-

487 3360 724 3457 tinos:
803 3352 1076 3433 mea-r!
1149 3355 1440 3455 Marqu.
1499 3351 1791 3429 Freher.

491 3462 792 3564 Parerg.
834 3458 936 3549 II,
971 3472 1064 3543 ιε.
1161 3456 1532 3533 Praeterea
1575 3450 1789 3531 solle-

487 3562 816 3651 mnitatis
844 3556 1066 3651 oeussa
1095 3555 1174 3633 in
1203 3555 1316 3635 ius
1342 3556 1592 3635 vocari
1631 3578 1790 3633 non

633 3662 806 3743 uiffe
895 3654 1316 3757 existimant
1379 3684 1508 3736 eos
1528 3714 1552 3754 ‚
1595 3651 1611 3665 '
1705 3660 1782 3737 ui

487 3794 676 3873 equo
733 3762 1015 3869 publico
1076 3762 1156 3839 in
1214 3756 1443 3867 cauffb
1494 3762 1643 3866 pub
1675 3764 1790 3839 ica

491 3866 1158 3949 transuehebantur.
1269 3890 1554 3943 vtum.
1623 3860 1788 3943 ibid.

491 3973 544 4051 l.
571 4000 633 4049 2.
669 3967 862 4049 D.-h.
884 3989 942 4045 t.
1035 3969 1324 4045 Locum
1351 3966 1550 4043 enim
1587 3966 1792 4043 hunc

491 4074 794 4173 capiunt
817 4068 918 4187 de
943 4066 1274 4147 sollemni
1303 4068 1417 4145 illa
1443 4069 1788 4187 equitum

487 4172 1064 4266 transueehone,
1133 4194 1322 4273 quae
1355 4192 1758 4274 quotannis

489 4272 660 4381 ipfis
699 4274 886 4366 idib.
943 4273 1148 4357 1ums
1179 4271 1403 4361 fiebat
1445 4298 1542 4361 ex
1589 4225 1816 4359 aedis

3090 447 3211 518 341

1905 605 2047 686 bus
2074 597 2413 684 Honoris
2444 603 2523 680 in
2562 603 3019 708 Capitolium
3034 663 3059 702 ‚
3110 607 3209 688 de

1910 729 2059 811 qua
2086 701 2297 786 Isaac.
2338 703 2747 786 Casaubon.
2796 709 2903 788 ad
2922 713 3209 790 Sueton.

1909 813 2099 910 Aug.
2148 807 2315 910 Cap.
2372 809 2786 908 XXXVIII.
2840 813 2979 889 Iac.
3020 813 3207 896 Rae-

1909 907 2113 988 uard.
2156 912 2321 987 Var.
2350 913 2573 1004 II3-15.
2612 915 2733 1007 et,
2796 914 3211 1030 qui-nuper
3272 993 3277 1005 ,

1852 1019 1860 1025 ’
1895 1009 2227 1115 angulari
2283 1035 2371 1086 ac
2420 1015 2835 1116 pererudita
2892 1013 3208 1111 disserta-

1896 1115 2111 1194 tione
2132 1169 2139 1179 .
2158 1111 2363 1190 hunc
2404 1113 2630 1190 ritum
2676 1105 2771 1194 ex
2826 1115 3057 1212 osuit,
3101 1116 3203 1198 V.

1895 1219 1992 1296 C.
2040 1213 2164 1291 Io.‘
2204 1212 2517 1292 Erardus
2558 1219 2911 1321 Kappms.
3058 1217 3207 1298 Sed

1895 1317 2077 1396 huic
2106 1315 2454 1410 nazareni,
2506 1319 2831 1412 Cuiacii,
2880 1323 3201 1398 Raeuan-

1892 1419 2013 1514 di,
2102 1413 2566 1522 aliorumque
2618 1419 3203 1504 doffissimorum

1891 1522 2231 1601 virorum
2294 1515 2730 1617 sententiae,
2798 1523 2907 1602 vti
2950 1521 3079 1629 ipfi
3124 1549 3202 1604 a-

1889 1620 2449 1704 nimaduertunt
2462 1677 2489 1716 ,
2564 1649 2723 1704 non
2778 1647 3041 1731 parum
3076 1645 3203 1704 ‘re-

1886 1725 2261 1830 fingantur
2298 1724 2516 1802 verba
2594 1753 2685 1818 m,
2736 1751 3009 1807 mvssA
3074 1755 3203 1807 Pv-

1897 1853 2103 1908 nch
2118 1879 2143 1920 ,
2193 1849 2336 1930 pro
2360 1827 2631 1932 quibus
2662 1830 3089 1908 Raeuardus
3120 1853 3201 1908 m

1895 1952 2345 2009 CAPITOLIVM
2359 1982 2386 2021 ,
2451 1932 2967 2032 ·Hotomanus
3040 1927 3211 2048 ObJ:

1891 2031 2033 2117 III,
2058 2052 2153 2104 21.
2222 2053 2301 2102 m
2348 2048 2578 2106 ansv
2626 2057 2927 2109 Pvnuco
2948 2031 3200 2110 rescri-

1889 2127 1972 2202 bi
1998 2126 2279 2216 iubent,
2327 2127 2603 2206 maiore
2630 2129 2945 2224 audacia,
2972 2155 3201 2232 quam

1896 2223 2585 2325 verosu‘nilitudine,
2644 2253 2881 2334 quum
2920 2253 2999 2308 et
3024 2231 3201 2310 Flo·

1841 2334 1844 2337 ’
1893 2325 2513 2431 tentiae-legatur:
2586 2334 2665 2413 in
2690 2328 2921 2514 64*ιὲθᾶ
2950 2333 3197 2437 publi-

1893 2458 2019 2525 ca,
2070 2453 2149 2508 et
2190 2430 2373 2507 haec
2416 2435 2631 2515 verba
2662 2436 2745 2513 in
2812 2460 2913 2513 uo
2946 2460 3200 2515 exem-

1877 2534 2071 2641 plari
2115 2532 2535 2615 inuenerint
2584 2536 2913 2618 audiores
2957 2537 3199 2619 Basili-

1887 2660 2151 2718 oorum
2204 2638 2356 2716 Lib.
2418 2642 2575 2719 VII.
2623 2644 2741 2721 tit.
2808 2643 3010 2725 VIII.
3058 2641 3195 2745 qui
3360 2688 3377 2699 ι

1883 2726 2020 2819 illa‘
2044 2759 2375 2823 vertunt:
2444 2736 2551 2821 δια·
2586 2742 2899 2845 δημοσίαν
2945 2740 3196 2852 χξείαν.
3300 2778 3319 2789 ·

1889 2846 2151 2945 Itaque
2186 2865 2351 2921 non
2404 2839 2833 2925 sollemnem
2872 2845 3071 2925 illam
3114 2871 3195 2925 e-

1889 2944 2187 3047 quitum
2243 2946 2865 3027 transuec'tionem
2904 2947 2987 3025 in
3042 2948 3194 3026 ani-

1887 3070 2023 3121 mo
2062 3044 2319 3121 habuit
2378 3070 2767 3144 νιΡιΑΝνε,
2846 3046 2973 3127 sed
3026 3074 3191 3127 cur-

1887 3144 2051 3223 sum
2134 3145 2461 3223 ublic'um
2474 3154 2587 3227 τᾶν
2618 3147 2913 3249 δημόσιον
2929 3146 3192 3255 δρόμον,

1889 3249 2000 3327 vti
2031 3260 2073 3322 e
2162 3247 2587 3328 inBafilicis.
2676 3248 2974 3358 Qbus
2990 3252 3193 3330 enim

1887 3349 1977 3428 in
2004 3348 2228 3427 caussa
2268 3348 2559 3464 publica
2598 3353 2740 3430 iter
2782 3352 3087 3431 celerius
3116 3376 3197 3431 e·

1881 3473 1993 3533 rat
2013 3444 2469 3548 faciendum,
2518 3455 2607 3549 ii,
2658 3452 3019 3559 dispositis
3058 3478 3196 3560 pet

1880 3555 2230 3631 stationes
2255 3556 2471 3659 equis
2502 3558 2815 3663 publicis
2858 3579 3193 3635 transue-

1887 3656 2247 3735 hebantur
2259 3714 2284 3754 ‚
2318 3660 2633 3762 eiusque
2672 3654 2779 3737 r‘ei
2816 3656 3043 3737 oeuffi
3073 3656 3191 3737 di·
3338 3673 3345 3683 ·

1875 3757 2135 3865 ploma
2162 3784 2201 3839 a
2234 3760 2574 3867 Principe
2586 3760 3059 3865 accipiebant,
3083 3782 3191 3858 vt,

1885 3885 1984 3939 eo
2024 3858 2357 3957 ostenso,
2428 3864 2607 3965 equi
2646 3864 2847 3950 illico
2890 3864 3189 3969 praebe-

1881 3960 2158 4045 rentur.
2282 3962 2467 4043 Plin.
2518 3962 2728 4068 Eptst.
2764 3968 2873 4061 Χ,
2918 3992 3023 4061 14.
3058 3994 3189 4063 54.

1885 4090 2023 4147 m.-
2045 4065 2255 4185 [ἔφη.
2352 4066 2581 4149 Iulius
2638 4064 3041 4185 Capitolia.
3108 4070 3187 4149 in

1883 4169 2265 4251 Pertmace
2319 4172 2487 4275 Cap.
2540 4174 2605 4249 Ι.
2716 4169 2807 4249 Id
2858 4168 3188 4277 diploma
3232 4230 3237 4235 .

1863 4259 2189 4377 sigillam
2226 4296 2450 4357 vocat
2476 4272 2801 4362 uetant.
2844 4274 2933 4355 de
2972 4292 3186 4353 mort.

2098 4380 2254 4465 Vv
2298 4404 2335 4479 3
2431 4395 2440 4402 ·
3016 4392 3192 4501 fers-
