3825 4800
628 388 769 473 824
970 320 1485 485 ms-rom
1515 384 1524 389 ·
1557 352 1705 447 ET
1764 364 1946 447 RES
1993 336 2412 449 GEsrAE
2465 314 3006 499 Lvoovm
3081 408 3088 415 -

629 563 947 659 audiuit,
998 586 1281 665 eosque
1308 554 1400 635 ad
1432 550 1875 635 Pontificem
1898 555 2334 633 Romanum
2379 552 2678 641 remisit.
2723 559 2798 657 e)
2897 552 3138 636 Tanti
3163 569 3378 635 vero*

530 702 536 709 ·
632 701 717 753 ea
743 697 857 750 res
890 666 1036 745 visa
1061 666 1167 742 est
1198 658 1595 750 Ludouico
1620 658 2098 764 Imperatori,
2149 679 2234 737 vt
2259 682 2340 735 re
2365 678 2574 737 antea
2599 660 3125 764 cumEugenio
3153 682 3338 764 pon-

631 778 833 863 tifice
862 767 1439 857 communicata,
1466 786 1509 837 e
1566 758 1858 867 iscopos
1885 758 2059 837 suos
2093 762 2468 839 Lutetiam
2508 761 2946 845 Parisiorum
2975 782 3342 855 euocatos,

634 884 733 964 de
756 901 915 959 tota
940 872 1055 951 illa
1082 888 1578 945 controuer1a
1612 862 2104 941 consulendos
2139 864 2624 961 existimaret,
2669 864 2806 967 qui
2847 863 3146 943 oolleeia
3183 862 3342 968 plu-

636 988 820 1069 rima
856 984 1154 1059 Parrum
1179 967 1593 1047 testimonia
1626 966 1715 1043 ad
1748 966 2254 1071 quaestionem
2279 966 2474 1043 illam
2507 966 2946 1071 pertinentia
2960 1020 3002 1061 ,.
3041 988 3180 1071 per
3207 990 3346 1043 rm-

640 1076 1051 1174 erGAiuvM
1064 1130 1087 1171 ‚
1134 1066 1769 1152 Cameracen'fium
1808 1066 2238 1173 episcopum
2252 1122 2276 1163 ‚
2316 1091 2395 1147 et
2443 1094 2884 1148 AMALARrvn
2900 1123 2923 1163 ‚
2957 1066 3348 1172 Archiepi-
3710 1096 3727 1227 ⁴

640 1194 949 1295 scopum
996 1169 1543 1257 Treuerensem
1555 1226 1579 1267 ‚
1624 1169 1717 1248 ad
1762 1174 2296 1275 Imperatorem
2343 1168 2716 1249 miserunt.
2829 1172 3036 1249 Haec
3079 1169 3203 1247 ifle
3215 1225 3239 1266 ‚
3269 1188 3352 1247 vt

641 1302 668 1379 i
724 1291 795 1372 se
834 1292 912 1369 in
957 1276 1541 1361 commonitorio
1598 1272 1797 1378 apud
1850 1298 2099 1353 snm.
2147 1296 2513 1353 BAvai-vm
2561 1270 2639 1373 f)
2699 1270 3008 1367 fatetur,
3045 1268 3352 1351 mirifice

616 1390 621 1396 ’
699 1389 990 1477 robauit
1004 1400 1038 1483 ‚'
1070 1393 1151 1460 'et
1184 1378 1417 1473 adid,
1494 1397 1737 1479 raptor
1760 1376 1959 1481 quod
1973 1374 2406 1471 collec‘i'afint
2423 1431 2445 1469 ‚
2475 1372 2853 1479 neceffaria
2887 1399 3113 1481 atque
3135 1374 3353 1453 vtilia

650 1492 1032 1583 ικιίὶεαιιὶῑ,
1082 1508 1167 1561 ac
1194 1482 1409 1587 proin
1464 1505 1507 1555 e
1544 1478 1994 1571 Hieremiae,
2029 1476 2618 1583 Aschiepiscopo
2652 1476 3090 1574 senonem,
3133 1497 3212 1554 et
3235 1480 3354 1555 Io-
3727 1436 3732 1575 i

644 1630 781 1687 nae
800 1655 823 1695 ‚
850 1588 1228 1700 Episcopo
1258 1580 1751 1661 Aurelianenfi
1768 1634 1791 1675 ‚
1824 1578 1903 1657 id
1931 1579 2140 1655 dedit
2167 1581 2486 1684 negotii,
2533 1603 2620 1657 vt
2641 1580 3350 1675 eamcolleffionem,

580 1704 595 1709 ”
705 1708 1080 1803 riusquam
1107 1687 1199 1765 ad
1213 1682 1651 1764 Pontificem
1663 1682 2307 1776 transmitteretur,
2319 1680 2860 1787 diligentiffime
2877 1680 3348 1777 recenserent,

646 1736 927 1890 geinde
956 1814 1043 1873 vt
1066 1790 1260 1869 illam
1286 1788 1607 1867 Romam
1636 1784 2195 1879 deferrent‚'et‚
2227 1810 2420 1886 quae
2465 1787 2550 1865 fit
2577 1784 3101 1891 episcoporum
3137 1788 3354 1865 Fran-

564 1902 575 1911 ’
650 1916 981 1995 cicorum
1012 1894 1107 1971 de
1152 1888 1589 1994 imaginibus
1630 1885 2018 1981 sententia,
2049 1886 2384 1965 modeste
2427 1888 2922 1966 ostenderent.
3029 1888 3224 1967 Illud
3241 1912 3352 1967 ta-

652 2038 815 2099 men
826 2063 850 2105 ,
874 2006 957 2083 in
1012 1998 1148 2093 uit,
1162 1990 1611 2097 ficmmopere
1633 1990 2052 2094 prae-uidete
2065 2043 2088 2083 ‚
2139 2011 2226 2067 vt
2237 2016 2340 2067 ea
2363 1990 2474 2070 illi
2497 1992 2584 2069 de
2613 1988 2727 2069 his
2751 1988 3143 2089 ostendam,
3174 2018 3358 2095 quae

538 2116 547 2123 ”
654 2107 923 2202 rationi
993 2128 1031 2179 e
1059 2094 1472 2201 imaginibus
1502 2087 1859 2172 habendae
1892 2112 2032 2195 per
2077 2094 2314 2175 onmia
2354 2093 2810 2187 conueniant,
2895 2114 2970 2171 et
3009 2098 3210 2198 quod
3223 2095 3362 2199 ips&

655 2220 783 2302 vel
794 2210 917 2317 fici
948 2202 1245 2286 reiicere
1270 2196 1563 2278 minime
1583 2196 1905 2275 valeant.
2007 2194 2152 2271 Sed
2191 2218 2266 2273 et
2298 2220 2430 2272 vos
2477 2193 2611 2298 ipſs
2640 2208 2825 2273 taem'
2846 2197 3226 2298 patienter
3276 2224 3362 2279 ac

658 2312 953 2419 modeste
994 2332 1153 2391 cum
1188 2330 1265 2384 eo
1304 2300 1391 2382 de
1416 2296 1547 2380 hac
1572 2294 1801 2405 cauffioe
1838 2292 2380 2400 disputationem
2419 2296 2733 2378 habeatis
2745 2350 2770 2393 ,
2813 2320 2902 2377 vt
2913 2295 3362 2406 ficmmopere
3446 2316 3458 2321 ·

3115 2431 3366 2488 cautl-

959 2639 1117 2689 nono
1134 2668 1153 2699 ,
1200 2612 1489 2686 adduais
1519 2624 1775 2704 patrum
1806 2611 2484 2708 interpretationibus,
2530 2611 2674 2684 loca
2721 2607 2953 2707 Genefi
2975 2613 3360 2702 XXXXVII,

968 2745 1057 2812 31·
1089 2742 1158 2792 et
1201 2739 1223 2784 1
1239 2718 1391 2803 Reg.
1428 2710 1473 2795 1,
1515 2733 1596 2781 21.
1644 2735 1774 2805 pro
1814 2715 2202 2810 imaginibus
2243 2713 2472 2785 flustra
2521 2715 2819 2799 adduci„
2859 2715 3360 2798 demonstratur:

962 2823 1199 2897 decimo
1235 2821 1455 2889 locum
1496 2835 1873 2890 avovs'rrm
1919 2820 2007 2890 de
2037 2815 2198 2893 valis
2227 2815 2452 2900 fieriu
2497 2816 2824 2886 vndecimo
2847 2820 3046 2889 alium
3079 2823 3156 2892 de
3183 2821 3352 2894 Che-

974 2923 1257 3004 rubinis;
1304 2916 1660 2988 duodecimo
1716 2921 2035 3013 quaedam
2071 2922 2156 2992 de
2199 2921 2378 2992 cultu
2423 2920 2543 2990 {oli
2590 2921 2746 2992 Deo
2797 2921 3064 3008 debito,
3133 2925 3362 2996 decimo

988 3026 1179 3100 tertio
1204 3043 1273 3094 et
1300 3021 1614 3115 sequente
1640 3023 1757 3093 alia
1790 3027 1875 3094 de
1919 3023 2506 3095 discrimineintet‘
2517 3042 2785 3097 crucem
2815 3043 2886 3095 et
2915 3027 3194 3120 reliquas
3209 3029 3370 3099 ima—

974 3133 1157 3230 gines
1204 3125 1583 3206 statuend03
1646 3125 1936 3218 denique
1983 3125 2200 3214 quinto
2239 3123 2476 3194 decimo
2517 3123 2850 3197 nonnullas
2893 3128 3370 3203 admonitiones

972 3252 1203 3310 contra
1258 3222 1694 3300 iconoclastas.
1796 3229 1987 3322 Quae
2033 3229 2159 3298 aaa
2206 3249 2412 3320 quum
2467 3225 2610 3300 satis
2653 3249 2808 3299 nota
2862 3227 3021 3314 sint,
3098 3233 3370 3305 breuem

980 3347 1233 3413 tantum
1264 3350 1498 3401 eorum
1526 3328 1861 3401 recensum
1877 3382 1899 3414 ,
1947 3331 2272 3423 'exemplo
2325 3331 2606 3421 Dupinii
2649 3330 2947 3402 Bibliotb.
2991 3331 3212 3429 eccles:
3255 3337 3378 3405 To-

900 3455 907 3460 ·
978 3462 1077 3510 mo
1120 3431 1262 3504 VII.
1294 3437 1446 3518 Cap.
1474 3432 1529 3498 Ι.
1567 3444 1637 3515 p.
1666 3453 1722 3500 2.
1772 3433 1932 3505 dare
1975 3433 2338 3516 voluimus,
2401 3433 2613 3504 mirati
2655 3433 2938 3506 Barthol.
2985 3439 3336 3510 Caranzam
3353 3489 3374 3522 ‚

938 3568 943 3574 ’
974 3545 1045 3614 in
1076 3545 1325 3607 Summa
1352 3531 1583 3602 Concil.
1614 3547 1683 3618 p.
1706 3553 1853 3622 334.
1900 3539 2042 3607 eam
2069 3535 2480 3620 collationem
2499 3581 2520 3619 ,
2580 3537 2679 3607 vti
2728 3534 2865 3631 ipse
2905 3527 3106 3611 vocat
3123 3591 3146 3624 ‚
3212 3544 3380 3612 male

979 3669 1014 3716 a
1047 3637 1433 3738 quibusdam
1476 3631 1791 3722 synodum
1818 3635 2224 3720 Parifiensem
2270 3636 2528 3707 inscribi
2559 3637 2946 3724 existimate,
2991 3663 3199 3736 quum
3219 3667 3384 3738 pro·

980 3745 1087 3819 cul
1120 3741 1328 3812 dubio
1358 3735 1639 3826 synodus
1667 3737 1747 3808 {it
1772 3757 2140 3810 conuentus
2166 3737 2628 3834 episcoporum
2640 3741 2740 3810 ad
2767 3745 3166 3816 ventilanda
3177 3769 3380 3840 quae·

978 3843 1221 3922 stiones
1263 3839 1489 3914 dubias
1528 3838 1819 3933 legitime
1860 3841 2136 3914 indiam
2153 3893 2176 3926 ,
2264 3843 2352 3914 ita
2404 3861 2570 3913 vero
2617 3839 2760 3940 ipse
2793 3843 3174 3918 Luduuicus
3225 3849 3380 3919 Pius

976 3953 1155 4027 hunc
1196 3939 1603 4040 congressum
1650 3961 1858 4017 vocet
1894 3946 1963 4015 in
2001 3944 2537 4018 Commonitorio
2575 3947 2754 4040 apud
2808 3947 3015 4042 Baluz.
3059 3950 3286 4024 Tomo
3327 3954 3378 4023 1.

894 4139 899 4146 .
980 4049 1330 4147 capitular.
1370 4067 1441 4139 p.
1470 4051 1631 4132 643.

820 4160 897 4254 e)
938 4153 1175 4231 'Annat
1212 4152 1453 4222 Bet-tin.
1484 4148 1565 4218 ad
1599 4159 1739 4218 anri.
1772 4157 1926 4230 824.

822 4259 903 4356 f)
954 4254 1300 4352 capitular.
1334 4251 1560 4322 Tomo
1608 4248 1658 4322 1.
1696 4269 1761 4344 p.
1788 4256 1946 4344 643.

624 4467 722 4531 's
