3825 4800
647 392 786 477 ⁶³8
1089 384 1357 465 [ΑΒΜ
1419 380 1921 491 ALIQsoT
1982 380 2503 465 VETERVM
2548 384 2915 469 1cT0R.

911 570 1188 651 juncia
1232 570 1284 647 l.
1301 596 1409 663 93.
1457 572 1552 647 D.
1585 569 1674 647 de
1713 570 1790 647 V.
1821 570 1890 647 S.
1990 568 2197 675 Qid
2234 567 2281 647 fi
2312 565 2561 647 seruus
2590 568 3058 651 manumiss'us
3086 575 3355 653 iterum

951 672 1199 751 seruus
1225 670 1503 747 fastus?
1552 674 1604 749 l.
1615 697 1729 765 79.
1765 673 1832 767 S.
1857 700 1919 748 2.
1926 699 1989 767 3.
2016 678 2112 753 D.
2135 672 2223 753 de
2246 674 2473 775 legat.
2499 698 2563 766 3.

739 778 901 856 Tit.
931 778 1035 855 V.
1083 776 1204 851 De
1241 770 1540 877 peculio
1569 772 1834 877 legate.

847 875 924 979 41
938 872 1356 1061 lPeculium
1387 875 1470 951 in
1511 874 1947 979 corporibus
1996 873 2413 963 consistens
2462 884 2514 969 †
2544 874 2597 955 I.
2626 886 2689 955 6.
2713 898 2841 981 pr.
2872 882 2970 961 D.
2996 881 3085 960 de
3121 884 3354 982 pecul.

971 1008 1008 1059 e
1059 1034 1080 1058 .
2262 1043 2273 1053 ,

699 1182 704 1187 ⁸
845 1084 893 1183 4
970 1007 1086 1161 Εεο
1116 1105 1210 1159 an
1239 1100 1318 1157 et
1348 1078 1788 1157 vicariorum
1817 1077 2065 1161 vicarii
2098 1074 2659 1170 continednmr?
2714 1085 2769 1163 l.
2789 1104 2891 1177 25.
2923 1086 3070 1165 eod.

846 1186 895 1286 4
977 1186 1052 1265 Si
1093 1180 1342 1260 seruus
1379 1202 1722 1285 tempore
1747 1183 2010 1259 mortis
2044 1180 2407 1263 testatoris
2455 1182 2677 1286 vixit,
2708 1186 3087 1290 peculium
3112 1184 3345 1291 legato

949 1286 1182 1379 cedit,
1228 1284 1432 1363 secus
1463 1308 1548 1383 ac
1573 1282 1622 1360 fi
1652 1280 1902 1359 seruus
1934 1283 2237 1363 vestitus
2270 1283 2572 1389 legam.
2617 1288 2671 1365 l.
2700 1314 2792 1381 ι3.
2832 1293 2931 1367 D.
2960 1292 3107 1369 eod.

845 1388 922 1493 41
977 1390 1048 1467 Si
1095 1386 1478 1466 communi
1522 1382 1736 1462 seruo
1761 1382 2085 1487 legatum
2121 1384 2486 1480 relicium‘,
2518 1412 2611 1463 an
2638 1412 2793 1466 vno
2824 1388 3142 1471 domino
3171 1391 3343 1472 defi-

916 1491 1156 1569 ciente
1187 1486 1442 1593 portio
1471 1483 1834 1563 adcrescat
1863 1484 2090 1565 alteri.
2134 1489 2189 1566 l.
2208 1514 2307 1566 20.
2348 1492 2449 1571 D.
2480 1488 2570 1569 de
2592 1490 2815 1596 legat.
2846 1518 2910 1573 2.
2960 1528 2968 1535 ·

737 1604 904 1688 Tit.
949 1604 1086 1683 vl.
1133 1602 1254 1679 De
1283 1596 1725 1704 supellectile
1753 1598 2009 1703 legata.

833 1708 910 1807 41
1097 1703 1174 1779 ‘d
1211 1700 1586 1806 supellex?
1647 1704 1700 1781 l.
1713 1728 1785 1797 7.
1825 1704 1921 1780 D.
1961 1704 2049 1781 de
2059 1701 2309 1809 supell.
2346 1706 2484 1807 leg.

733 1812 900 1890 Tit.
951 1811 1066 1886 VI
1106 1862 1124 1882 .
1178 1808 1296 1884 De
1321 1804 1688 1881 alimentis
1717 1805 1845 1883 vel
1865 1806 2158 1885 cibariis
2183 1809 2467 1909 legatis.

731 1914 898 1993 Tit.
945 1908 1160 1989 VIII.
1210 1908 1332 1984 De
1358 1926 1573 2001 aure,
1605 1926 1943 2011 argento,
1972 1909 2263 1989 mundo
2298 1907 2573 2013 legatis.
3106 1986 3113 1993 ,

839 2011 916 2117 41
967 2013 1098 2091 An
1133 2028 1560 2096 ornamenta
1587 2006 1876 2090 mulieri
1899 2008 2131 2113 legam
2168 2034 2247 2091 et
2268 2008 2697 2117 repudiatae
2721 2009 3177 2093 debeantur?
3204 2014 3255 2092 l.
3270 2039 3334 2111 3.

919 2118 1020 2197 D.
1045 2112 1132 2191 de
1159 2138 1320 2191 aur.
1347 2136 1507 2213 arg.
1529 2111 1803 2191 mund..
3097 2179 3105 2188 .

835 2215 912 2319 41
966 2213 1175 2322 Qid
1215 2212 1364 2291 hoc
1391 2211 1633 2316 legato
1669 2212 2180 2296 contineatur?
2246 2224 2299 2308 †
2328 2214 2379 2292 l.
2402 2240 2493 2307 19.
2522 2215 2593 2313 §.
2606 2242 2666 2293 2.
2697 2238 2770 2295 et
2798 2222 2839 2261 *
2864 2216 2933 2314 §.
2946 2227 3009 2295 6.
3028 2196 3129 2298 D.
3147 2219 3288 2298 eod.

725 2320 892 2404 Tit.
941 2322 1074 2403 IX.
1121 2318 1243 2397 De
1271 2308 1698 2402 liberatione
1720 2314 1999 2419 legatas

831 2419 910 2524 41
963 2417 1264 2498 Herede
1321 2439 1574 2521 petere
1617 2419 1858 2530 yetito
1872 2474 1895 2513 ‚
1960 2441 2101 2494 nec
2138 2416 2353 2500 heres
2402 2417 2695 2498 heredis
2740 2439 2998 2524 petere
3037 2424 3331 2528 poterit.

927 2531 971 2608 †
995 2522 1048 2599 l.
1073 2549 1136 2597 2.
1165 2521 1232 2616 §-
1251 2543 1302 2597 1.
1337 2523 1436 2596 D.
1467 2519 1556 2596 de
1579 2517 1867 2604 ltberat.
1893 2521 2039 2626 leg.
3237 2559 3257 2577 ‹

624 2677 756 2733 un.
787 2675 914 2731 xx·
961 2673 1059 2727 DE
1105 2669 1408 2726 usam-18
1473 2669 1605 2725 Lm.
1653 2669 1752 2723 ιν.
1811 2671 1906 2726 ετ
1954 2669 2519 2729 mnmcommssxs
2568 2671 2701 2728 Lm.
2730 2673 2779 2726 1.

719 2768 886 2849 Tit.
915 2767 975 2843 1.
1019 2765 1140 2842 De
1167 2759 1546 2838 codicillis.
2922 2753 2931 2762 ’
3300 2751 3307 2758 ’

819 2871 898 2971 41
956 2869 1076 2946 An
1125 2861 1442 2941 codicilli
1483 2861 1686 2968 prius
1731 2859 1896 2942 faffi
1940 2861 2032 2942 ad
2076 2865 2597 2946 testamentum
2642 2863 2893 2970 postea
2937 2865 3325 2947 conditum

913 2969 1379 3074 pertineant?
1425 2967 1478 3044 l.
1511 2979 1622 3054 18.
1639 2969 1738 3045 D.
1781 2966 1869 3045 cle
1896 2969 2059 3046 iure
2088 2968 2371 3048 codicill.

713 3087 882 3167 Tit.
927 3085 1025 3163 11.
1072 3085 1192 3160 De
1219 3079 1814 3160 fideicommiffis.
3223 3131 3229 3136 -

815 3183 892 3290 41
945 3183 1239 3279 Mulier,
1271 3183 1394 3262 cui
1418 3183 1557 3260 dos
1589 3182 1923 3288 relegata,
1952 3203 2315 3287 quantum
2344 3179 2695 3286 praestet,
2718 3177 2771 3260 fi
2806 3163 3324 3276 fideicommis-

906 3287 988 3366 so
1019 3290 1352 3391 granam?
1399 3293 1434 3332 ³*
1465 3287 1516 3364 1.
1545 3313 1606 3364 2.
1681 3312 1746 3364 r.
1791 3287 2001 3366 D..de
2024 3286 2166 3364 dot.
2172 3283 2413 3386 prael.

812 3391 889 3495 41
943 3388 1492 3496 Qreffituete
1513 3306 1758 3476 iulffis,
1787 3409 2295 3488 quantumcun
2354 3411 2451 3462 ue
2464 3383 2819 3490 pecuniae
2842 3383 2935 3461 ad
2966 3409 3137 3464 eum
3156 3413 3325 3493 per-

911 3491 1199 3570 uenerit
1191 3545 1270 3672 ,D
1299 3511 1527 3670 audet
1571 3488 1854 3568 fruetus
1899 3490 2247 3568 restituat.
2342 3545 2364 3566 .
2398 3514 2501 3583 32.
2536 3489 2659 3568 D,
2700 3485 2807 3564 ad
2846 3491 2973 3566 SC.
3026 3489 3315 3572 Trebell-¹

907 3597 946 3642 *
961 3597 1030 3674 Ἰ.
1127 3649 1148 3672 .
1269 3647 1291 3670 .
1313 3618 1394 3669 eo
1441 3647 1462 3669 .
2707 3589 2723 3607 '
2876 3661 2887 3670 .

705 3699 870 3800 Tit.
907 3617 1210 3776 III.3l)e
1235 3689 1400 3775 falsa
1429 3679 1655 3772 muffi
1685 3690 1939 3797 legatis
1970 3687 2091 3768 vel
2126 3682 2695 3768 fideicommiffis
2726 3687 3023 3771 adieaa.

807 3799 884 3904 41
927 3795 1120 3878 Falsa
1151 3793 1379 3876 cauffi
1401 3819 1560 3874 non
1577 3817 1828 3876 nocet.
1889 3795 2065 3874 1:21.
2098 3797 2196 3873 D.
2224 3793 2313 3870 de
2338 3793 2557 3892 legat.
2582 3819 2645 3868 2.
2686 3793 2743 3870 l.
2756 3817 2885 3887 94.
2906 3790 2997 3872 de
3036 3797 3120 3875 V.
3148 3795 3223 3874 S.

632 3964 641 3973 -
703 3903 864 3984 Tit.
894 3903 1033 3980 IV.
1080 3902 1200 3980 De
1227 3899 1590 4004 petitione
1613 3895 2025 4002 legatorum
2052 3915 2131 3972 et
2162 3891 2913 3972 fideicommifforum.

801 4004 878 4107 41
931 4005 1158 4082 Socer
1197 3999 1419 4080 nurui
1451 3999 1732 4078 docem.
1755 3996 2106 4102 relegauit
2148 3995 2529 4074 constante
2572 3993 3075 4078 man-monio.
3122 4005 3159 4044 ³*
3184 3999 3237 4080 Ι.
3264 4023 3312 4078 ι.

906 4107 974 4203 §.
993 4132 1066 4198 9.
1084 4107 1200 4186 D.
1227 4103 1316 4184 de
1337 4104 1480 4183 dot.
1504 4101 1834 4207 praeleg.

795 4202 872 4309 41
923 4205 1224 4289 Pactum
1251 4199 1616 4310 delegato
1649 4228 1808 4288 non
1833 4195 2193 4312 petendo.
2242 4201 2317 4248 ⁴*
2344 4197 2398 4282 l.
2414 4222 2517 4298 51.
2528 4217 2654 4302 pr.
2682 4193 2781 4275 D.
2807 4195 3019 4306 clepa
3078 4258 3104 4282 .

1547 4375 1555 4380 -
1717 4377 1732 4388 ·
3044 4331 3122 4436 «u
3171 4331 3313 4410 Le·
