3825 4800
1576 0 1872 44 ·‘*·

680 426 831 520 900
972 323 985 346 ἱ
1398 345 2656 502 εοῡωιῑὲιῦΜΑΊ-Ιςνε

686 589 1177 688 conditionis,
1230 589 1625 670 mobilibus
1658 609 1737 664 et
1764 584 2264 664 immobilibus
2282 579 2418 679 set
2443 583 2523 660 in
2559 581 3136 684 quibuscunque
3181 581 3408 657 rebus

691 725 867 777 cum
900 696 1108 773 omni
1136 696 1547 798 integritate
1574 697 1844 770 earum.
1948 693 2044 766 Et
2079 709 2164 764 vt
2203 687 2384 764 haec
2425 683 2726 770 traditio
2769 680 3056 759 firmior
3099 681 3276 778 effe,
3329 707 3407 757 et

688 795 1248 880 indissolubilem
1282 819 1415 900 per
1446 791 1904 870 succedentia
1942 788 2066 866 fibi
2115 787 2348 865 secula
2387 786 2889 864 auetoritatem
2925 785 3200 862 habere
3236 782 3416 887 pos-

690 903 833 994 set,
884 899 1105 977 filiam
1156 895 1395 980 meam
1446 918 1988 974 flA‘rnvmonAM
2037 891 2380 984 nomine,
2432 885 2630 964 sacro
2701 885 3064 964 velamine
3127 886 3416 962 ibidem

690 999 1091 1082 consecrari
1112 995 1419 1092 faciens,
1445 1018 1597 1086 tam
1624 993 1990 1098 Imperiali
2027 991 2486 1084 audioritate,
2525 991 2747 1092 quarn
2777 988 3264 1092 Apostolicae
3308 984 3414 1063 se-

692 1104 807 1182 dis
850 1101 1114 1196 literis,
1160 1123 1237 1178 et
1274 1098 1686 1206 Episcopali
1712 1094 2221 1174 benediffione
2248 1094 2534 1170 munire
2561 1089 2806 1174 curaui
2819 1143 2848 1186 ,
2881 1111 2960 1166 et
2972 1089 3417 1169 sanctorum

698 1203 979 1286 Christi
1010 1201 1530 1282 Confessorum
1572 1195 1918 1278 Anastafii
1943 1199 2174 1300 Papae
2219 1215 2298 1270 et
2335 1193 2748 1271 Innocentii
2789 1195 3022 1296 Papae
3073 1191 3418 1296 corpori-

521 1347 533 1354 ·
696 1308 874 1400 bus,
902 1327 981 1382 et
1004 1325 1157 1382 tam
1180 1301 1396 1384 saneti
1430 1299 1854 1392 saluatoris,
1886 1319 2111 1400 quam
2144 1297 2300 1372 eius
2330 1294 2562 1372 saneie
2575 1294 2982 1372 Genitricis
2999 1318 3084 1389 et
3113 1295 3413 1370 duode-
3476 1357 3487 1365 .

695 1409 847 1486 cim
868 1407 1407 1512 Apostolorum
1434 1403 1667 1508 dignis
1710 1400 2039 1501 reliquiis
2073 1423 2113 1474 a
2143 1397 2534 1476 venerabili
2576 1421 2832 1474 sancto
2877 1397 3244 1501 acceptis,
3289 1393 3412 1471 ad-

699 1531 962 1588 ornare
988 1508 1258 1586 studui.
1357 1505 1592 1585 Cuius
1634 1503 1906 1594 literaS‚
1941 1501 2278 1602 quamuis
2317 1501 2398 1576 in
2424 1499 2682 1604 papiro
2725 1496 3132 1575 secundum
3177 1498 3414 1602 pristi-

533 1603 550 1633 ²
698 1636 873 1690 nam
894 1609 1351 1715 'Apostolioe
1396 1605 1583 1684 sedis
1620 1599 2232 1681 consuetudinem
2275 1597 2572 1705 scriptas
2617 1601 2974 1695 habeam‚·
3010 1601 3138 1678 hic
3167 1623 3404 1678 tamen

698 1737 843 1820 pro
896 1735 1011 1790 ter
1057 1731 1228 1808 eos,
1282 1711 1415 1814 qui
1479 1707 1629 1784 illas
1674 1705 1940 1783 habere
1982 1725 2137 1780 non
2165 1701 2499 1806 pofl'unt,
2542 1727 2825 1808 ponere
2853 1703 3170 1808 dignum
3201 1703 3400 1779 duxi:

700 1735 927 1892 Vnde
957 1837 1349 1920 parumper
1372 1811 1695 1914 legentes
1722 1808 1841 1886 vel
1872 1804 2250 1904 audientes
2268 1860 2291 1901 ,
2323 1833 2362 1884 a
2390 1804 2634 1922 mend
2659 1805 2850 1882 illius
2879 1805 3100 1884 verba
3127 1804 3208 1882 se
3241 1827 3404 1881 con·

700 1937 1012 1996 uertant.
2479 1951 2492 1962 ·
2567 1950 2575 1956 ·
2621 1931 2628 1940 “
3081 1961 3117 1972 --

1039 2038 1329 2094 snaivs
1378 2009 1441 2094 E
1496 2011 1821 2120 iseopuS,
1854 2016 2121 2094 Seruus
2165 2013 2546 2093 seruorum
2585 2011 2769 2105 Dei,
2799 2009 3154 2089 omnibus
3195 2033 3406 2088 vene·

888 2116 1238 2198 .rabilibus
1268 2141 1413 2196 con
1518 2117 1749 2202 tribus
1780 2118 2082 2212 nostris,
2123 2113 2760 2222 ArchiepiscopiS,
2797 2112 2922 2191 seu
2951 2109 3402 2190 reiterendis-

900 2219 1092 2298 limis
1137 2235 1213 2295 et
1254 2213 1690 2297 sanstiffimis
1730 2217 2147 2337 Episcopi3‚
2187 2217 2531 2322 religiosis
2573 2214 2982 2294 Abbatibus
3005 2270 3031 2310 ‚
3087 2209 3400 2319 gloriosis
3441 2239 3446 2242 ·

899 2321 1275 2417 Ducibus,
1322 2321 1625 2403 Clericis
1642 2375 1669 2415 ,
1728 2320 2154 2401 comitibus
2197 2342 2420 2425 atque
2437 2318 2736 2396 ,cunctis
2765 2316 3132 2401 ‘fidelibus
3175 2314 3398 2415 sande

740 2496 747 2501 .
905 2426 1053 2503 Dei
1080 2422 1413 2500 aecelefie
1456 2421 1907 2527 presentibus
1951 2445 2030 2501 et
2061 2422 2365 2501 fiaturis..
2442 2422 2719 2500 Omnis·
2764 2421 3018 2536 itaque
3066 2416 3394 2499 Christia—

902 2549 1175 2606 norum
1202 2523 1465 2613 milicia
1492 2522 1699 2615 sciat,
1732 2549 1816 2600 ac
1850 2523 1997 2602 fine
2025 2525 2166 2603 vlla
2188 2520 3168 2603 dubitationeindubitanter
3189 2546 3224 2596 a
3317 2541 3390 2591 o-

846 2709 851 2717 ,
908 2624 1079 2705 scat.
1178 2624 1375 2730 Qia
1423 2622 1809 2703 mandante
1832 2627 2056 2704 'nobis
2095 2628 2431 2705 Domino
2459 2648 2682 2729 atque
2721 2622 3179 2702 inuiffiffimo
3263 2644 3388 2720 ege

913 2725 1168 2814 nostro
1216 2746 1732 2818 mvnovvicO,
1794 2748 1881 2805 vt
1953 2752 2104 2830 pro
2158 2728 2564 2823 coenobie,
2616 2724 2833 2829 quod
2883 2752 3092 2817 auus,
3137 2744 3207 2797 et
3229 2717 3377 2795 eius

798 2898 803 2903 ,
962 2828 1159 2904 ostea
1198 2824 1585 2905 cariffimus
1616 2828 1912 2931 genitor
1933 2832 2011 2905 in
2039 2830 2328 2907 honore
2370 2828 2908 2932 omnipotentis
2933 2825 3230 2921 Domini
3259 2818 3375 2901 det

963 2928 1375 3029 ‘cauerunt,
1419 2926 1509 3005 ad
1543 2929 1860 3007 eundem
1890 2930 2141 3008 locum
2183 2930 2280 3011 de
2307 2928 2733 3010 Sanzstorum
2775 2929 3052 3008 Christi
3085 2922 3382 3029 corpori-

805 3032 818 3039 ’
908 3030 1047 3108 bus
1078 3029 1418 3107 mandare
1442 3028 1897 3109 deberemus.
2023 3036 2110 3111 In
2144 3033 2668 3137 qua‘vide‘licet
2693 3031 3060 3135 petitione
3093 3048 3393 3133 congrua

750 3210 759 3221 ,
904 3154 983 3209 et
1014 3130 1173 3208 {atis
1203 3132 1385 3208 iusta
1414 3132 1617 3209 hunc
1642 3132 2129 3211 venerabilem
2163 3158 2240 3211 et
2268 3132 2679 3239 gloriosum
2695 3134 3078 3213 Comitem
3119 3152 3402 3209 uvi-vt.-

908 3260 1060 3313 rvm
1098 3232 1442 3327 nomine,
1477 3232 1610 3335 qui
1634 3233 1871 3311 eidem
1894 3230 2101 3325 ,sacro
2132 3236 2304 3313 loco
2333 3236 2610 3340 preest,
2641 3260 2810 3313 cum
2843 3238 2956 3312 Im
3017 3234 3216 3311 eriali
3245 3229 3406 3335 Epi-

906 3332 1088 3411 stola
1118 3332 1209 3423 ad
1239 3360 1379 3411 nos
1420 3334 1727 3439 dirigere
1758 3334 2058 3415 studuit.
2155 3342 2325 3435 Nos
2367 3362 2674 3440 quoque
2700 3361 2846 3414 tam
2880 3335 2946 3413 sa
2975 3336 3408 3413 uberrimam

902 3434 1360 3539 dignamque
1420 3435 1992 3540 postulationem
2052 3464 2222 3519 cum
2273 3466 2529 3544 magna
2577 3440 2798 3543 letitia
2839 3461 2916 3515 et
2961 3438 3408 3517 exultatione

808 3594 815 3605 .
910 3536 1355 3641 suscepimus
1366 3574 1417 3631 ,ν
1440 3560 1517 3614 et
1556 3562 1697 3639 pro
1739 3534 1961 3617 salute
2011 3544 2244 3646 patrie
2305 3562 2382 3619 et
2434 3565 2704 3645 magno
2765 3542 3073 3619 caritatis
3139 3560 3409 3628 amore,

704 3724 713 3731 ,
862 3698 876 3709 .
972 3664 1141 3739 uem
1178 3664 1257 3717 er
1306 3665 1341 3715 a
1370 3638 2052 3725 Christianiffimum
2107 3646 2640 3751 Imperatorem
2687 3664 2768 3723 et
2805 3644 3230 3720 Dominum
3279 3664 3412 3718 no-

764 3822 814 3837 ,ἱ
971 3766 1143 3845 ‘um
1176 3741 1263 3817 ha
1316 3764 1523 3817 emus
1534 3794 1559 3834 ,
1614 3742 2333 3851 beatiffimorumque
2370 3746 2646 3826 Christi
2687 3742 3100 3823 Praesulum
3143 3770 3280 3820 cor
3331 3765 3410 3817 o-

906 3868 982 3921 ra
1020 3842 1434 3921 Innocentii
1469 3863 1547 3919 et
1582 3844 1932 3923 Anastafii
1963 3850 2100 3925 PP.
2151 3872 2292 3925 nec
2333 3873 2488 3927 non
2528 3868 2604 3925 et
2632 3846 2968 3949 reliquias
2993 3847 3308 3925 Domim
3335 3866 3412 3920 ac

766 3954 769 3957 ’
910 3944 1298 4023 Saluatoris
1332 3944 1598 4039 nostri,
1645 3942 2034 4049 {anesteque
2060 3945 2182 4025 sue
2215 3950 2622 4029 Genitricis
2648 3948 2920 4050 Mane,
2945 3972 3198 4051 *atque
3227 3948 3411 4025 duo-

874 4045 1153 4123 ·decim
1178 4044 1719 4152 Apostolorum
1762 4046 1854 4125 ad
1897 4050 2310 4153 prediEium
2353 4052 2676 4129 sanstum
2717 4048 2968 4131 locum
3022 4046 3411 4129 deferenda·

910 4146 1222 4228 libenter
1246 4148 1747 4253 praebuimus3
1822 4154 2220 4257 Propterea
2259 4154 2386 4232 has
2433 4155 2644 4231 vobis
2697 4152 3041 4232 omnibus
3081 4156 3162 4233 in
3193 4150 3411 4232 Chri·
3559 4156 3568 4165 ’

804 4341 813 4351 ,
912 4248 1031 4329 sto
1057 4250 1189 4356 pie
1222 4251 1641 4335 viuentibus
1678 4252 1960 4341 nostras
1985 4255 2454 4363 Apostolicas
2497 4254 2766 4335 sillabas
2803 4256 3186 4337 monstrari
3223 4250 3410 4331 iussi-

2551 4426 2562 4433 ,
3225 4376 3414 4450 mus,
