3825 4800
613 385 710 458 26
721 405 760 456 2
902 373 1418 457 HISTORIA
1475 371 2129 456 EDICTORVM
2140 429 2165 469 ,
2216 371 2363 453 ET
2411 372 2777 455 EDICTI
2826 375 3095 456 PERP.

612 565 876 644 firmat.
973 560 1121 640 Sed
1149 559 1331 638 haec
1373 557 1784 638 coniectura
1823 556 2309 636 fundamento
2340 557 2641 636 destitui
2672 579 2749 636 et
2776 583 2873 636 ex
2904 583 2997 636 eo
3029 579 3321 638 tantum

611 668 844 774 petita
883 663 1179 743 videtur
1203 715 1228 756 ,
1307 659 1520 766 quod
1559 660 1853 772 Digesta
1892 660 2273 739 Iustiniani
2314 659 2405 736 ad
2446 660 2685 740 Ediffl
2730 660 3075 739 ordinem
3118 687 3325 740 com-

670 767 846 847 ofita
887 767 968 846 in
1012 763 1336 842 totidem
1365 763 1612 851 ‚libros
1663 761 2041 840 distributa
2088 759 2256 838 fint:
2318 761 2398 840 id
2431 763 2639 864 quod
2683 759 2815 840 suo
2846 763 3043 858 loco,
3073 765 3199 842 vbi
3228 763 3324 841 de

653 869 877 949 uliani
908 865 1226 970 Digestis
1253 865 1602 960 diximus,
1627 863 2291 942 demonstrauimus
2309 861 2659 968 pluribus,
2800 869 2925 944 Ma
2974 865 3037 943 is
3069 891 3163 945 ex
3218 865 3329 943 lo-

611 994 853 1054 ratum
881 971 988 1046 est
998 1022 1025 1063 ‚
1131 991 1208 1044 er
1237 989 1480 1044 certos
1511 965 1768 1045 titulos
1797 993 1836 1044 a
1862 965 2149 1044 Iuliano
2180 963 2515 1070 disposita
2540 965 2747 1044 fuiffe
2776 966 2939 1046 edie
3010 1025 3031 1044 .
3162 892 3327 1046 {o-

613 1099 785 1154 rum
828 1071 1032 1148 enim
1141 1067 1468 1174 epiffime
1515 1067 1981 1145 mentionem
2006 1065 2163 1144 fieri
2192 1068 2862 1151 animaduertimuS.
2958 1073 3049 1148 In
3076 1071 3127 1148 l.
3142 1095 3190 1148 1.
3222 1073 3319 1148 D.

610 1176 801 1257 dein
831 1175 963 1252 int.
993 1169 1157 1270 rest.
1202 1169 1564 1276 leianus
1609 1170 1740 1246 ait:
1813 1169 2111 1248 Vtilitas
2154 1167 2365 1248 huius
2412 1197 2465 1250 ‘r
2482 1181 2575 1250 1'T
2591 1198 2638 1248 v
2652 1197 2693 1248 L
2708 1196 2734 1247 1
2782 1197 2917 1248 non
2956 1194 3117 1274 eget
3142 1197 3321 1248 com-

611 1277 1094 1358 mendatione:
1153 1270 1302 1376 ipsa
1341 1272 1528 1350 enim
1553 1267 1642 1372 fi·
1683 1269 2004 1370 ostendit.
2114 1271 2309 1350 Nam
2336 1270 2475 1372 fich
2524 1299 2579 1350 H
2594 1297 2645 1348 o
2666 1301 2709 1350 c
2762 1299 2815 1350 T
2832 1301 2857 1349 1
2872 1299 2925 1352 ‘r
2940 1299 2991 1348 v
3008 1299 3047 1352 L
3064 1298 3115 1349 o
3150 1275 3321 1375 plu-

605 1377 948 1484 rifhriam
980 1375 1288 1454 Praetor
1324 1374 1700 1452 hominibus
1715 1427 1740 1468 ‚
1786 1373 1912 1450 vel
1947 1369 2193 1474 lapsis,
2252 1375 2381 1452 vel
2418 1373 3324 1476 circumfirsptisstcbuenit.

613 1479 984 1562 Similiter·
1029 1476 1318 1556 Paullus
1369 1477 1421 1554 l.
1460 1485 1522 1554 2.
1565 1476 1634 1571 §.
1653 1501 1715 1568 3.
1766 1476 1864 1551 D.
1913 1474 2003 1550 de
2050 1475 2316 1554 interd.
2362 1477 2881 1578 Reciperandae
2924 1474 3319 1578 pcffi’ffi‘onic

609 1577 840 1685 cauffit
883 1577 1256 1658 interdieta
1293 1599 1782 1682 proponuntur
1806 1571 1948 1676 stab
1994 1577 2284 1656 mabrica
2347 1604 2399 1654 v
2414 1605 2465 1654 N
2482 1605 2535 1656 D
2554 1604 2593 1655 ε
2656 1605 2706 1654 ν
2720 1605 2749 1656 1
2762 1633 2783 1653 .
2829 1579 3083 1682 aliqua
3136 1578 3334 1656 enim.
3414 1659 3423 1666 ,

593 1684 734 1788 fich
802 1706 982 1760 Hoc
1045 1704 1401 1760 Τιτνιο
1463 1666 2065 1777 interdic‘lafimt.
2219 1682 2447 1766 Itaet
2494 1705 2919 1758 ’rrrvrvm
2960 1679 3055 1756 de
3104 1678 3319 1756 furtis

613 1785 820 1866 citari
859 1782 1202 1861 videmus
1241 1781 1322 1857 in
1361 1781 1414 1860 l.
1435 1806 1569 1874 195.
1607 1783 1674 1877 §.
1693 1806 1756 1872 3.
1803 1781 1898 1856 D.
1924 1780 2011 1872 de
2040 1781 2233 1859 verb.
2239 1777 2493 1884 figmf
2521 1802 2601 1858 vt
2626 1780 2771 1858 iam
2800 1805 2959 1861 non
2997 1780 3319 1858 dicamus

463 1960 472 1968 .
613 1888 710 1966 de
744 1885 942 1964 libris
987 1883 1150 1964 Caii
1193 1881 1717 1975 iurisconsulti,
1837 1881 2050 1957 uibus
2097 1883 2335 1959 varios
2394 1882 2653 1962 titulos
2703 1883 2921 1961 edieti
3022 1883 3320 1960 raetoris

513 2065 524 2074 .
611 1988 868 2070 vrbani
884 2042 908 2081 ‚
967 1985 1200 2064 veluti
1237 1985 1325 2062 de
1358 1908 1937 2088 praediatorfflus
1948 2039 1973 2078 ,
2032 1983 2119 2062 de
2146 1985 2541 2087 publicanis
2554 2039 2578 2079 ‚
2626 1985 2713 2062 de
2735 1985 2966 2064 ltbera
2994 1985 3025 2060 i
3056 1981 3335 2087 εανιιβὶι,Α

611 2093 702 2172 de
755 2115 990 2195 aquae
1025 2087 1328 2192 pluuiae
1387 2084 1736 2166 arcendae
1751 2139 1776 2180 ,
1839 2085 1928 2162 de
1978 2086 2231 2164 damno
2308 2085 2553 2192 infim‘lo
2578 2143 2601 2182 ,
2670 2087 2755 2166 de
2832 2114 2913 2166 re
2964 2087 3331 2192 iudicata„

611 2195 702 2274 de
755 2242 766 2250 -
809 2195 1032 2293 operis
1125 2189 1292 2268 noui
1407 2190 1852 2270 nunciatione
1886 2241 1910 2281 ,
2025 2187 2154 2295 qui
2262 2217 2490 2295 neque
2581 2187 2992 2294 sequantur
3092 2216 3322 2294 neque

439 2353 454 2364 -
615 2297 972 2374 ducantur
1012 2295 1054 2385 ,¹
1127 2289 1560 2394 ‘sunilesque
1641 2289 2045 2370 illustrauit.
2224 2293 2338 2370 Ex
2430 2289 2699 2392 quibus
2780 2288 2989 2368 fimul
3084 2312 3331 2396 patet,

615 2394 906 2499 fingulis
965 2390 1201 2471 Ediffl
1243 2392 1476 2470 titulis
1525 2389 1841 2495 praefixa
1901 2391 2107 2469 fuisse
2169 2390 2526 2495 quaedam
2581 2392 2845 2499 elogia,
2929 2419 3115 2497 quae
3158 2420 3320 2473 Rv-

613 2518 926 2577 mucas
1000 2515 1216 2571 vocat
1253 2492 1540 2570 Paullus
1590 2494 1656 2569 d.
1689 2493 1743 2570 l.
1774 2521 1836 2569 2.
1877 2496 1945 2593 §.
1961 2518 2025 2585 3.
2066 2494 2163 2571 D.
2188 2494 2275 2571 de
2292 2495 2556 2573 interd.
2706 2494 3091 2573 Sollemnis
3120 2496 3321 2573 enim

611 2598 741 2679 ille
790 2620 957 2675 mos
1004 2615 1156 2672 erat
1201 2592 1724 2672 iurisconsultis
1747 2646 1774 2687 ‚
1836 2616 1922 2671 vt
1960 2591 2245 2699 fingulis
2278 2594 2633 2673 librorum
2663 2594 2961 2677 suorum
2988 2596 3285 2676 seffioni
3303 2644 3320 2659 ·

613 2700 754 2779 bus
769 2754 794 2793 ‚
855 2720 1036 2800 quas
1068 2694 1201 2800 ipfi
1230 2694 2066 2799 titulosffidpellitabant,
2114 2699 2666 2802 praemitterent
2690 2700 3039 2780 summam
3054 2754 3079 2793 ‚
3186 2724 3321 2779 uae

449 2850 456 2857 ·
609 2801 813 2879 tituli
851 2800 1223 2876 materiam
1265 2798 1746 2903 exprimeret,
1811 2822 2126 2902 eamque
2166 2800 2404 2877 minio
2446 2824 2853 2898 exararent,
2902 2825 2985 2879 vt
3016 2826 3111 2878 eo
3220 2828 3323 2880 ci-

608 2904 750 3084 1338
735 2902 1252 3083 Vincurrerent
1297 2901 1378 2983 in
1415 2898 1675 2978 oculos
1710 2928 1726 2975 ε
1783 2899 2430 3003 quemadmodum
2470 2901 2563 2979 ad
2602 2902 2717 2981 illa
2756 2904 3119 2984 quenalis
3168 2908 3318 2985 Sat.

1457 3104 1758 3205 Perlege
1783 3103 2042 3187 rubras

739 3290 742 3293 ,
1215 3204 1580 3284 Maiarum
1622 3206 1692 3283 le
1739 3230 1837 3283 es.

613 3304 970 3387 adnotant
1029 3304 1170 3381 viri
1211 3306 1453 3401 desti,
1519 3327 1597 3383 et
1633 3332 1670 3383 a
1759 3304 1973 3383 Perfii
2016 3308 2259 3415 Satyr.
2300 3316 2381 3390 V.
2410 3338 2481 3389 v.
2496 3334 2568 3403 9.
2666 3310 3047 3392 Cornutus
3092 3314 3323 3394 Scho-

502 3454 512 3465 ·
610 3408 846 3489 liastes
862 3462 886 3503 ‚
951 3429 1284 3509 quocum
1311 3407 1732 3511 ¹iungendus
1777 3408 2247 3514 Qnffllian.
2288 3410 2453 3509 Inst.
2494 3416 2702 3489 Orat.
2728 3416 2897 3507 XII,
2918 3442 2979 3509 3.
3090 3416 3323 3495 Deni-

615 3536 770 3616 que
807 3531 886 3587 et
919 3510 998 3586 in
1080 3510 1509 3614 aragraphos
1595 3508 1908 3587 uosdam
1947 3509 2067 3587 seu
2116 3510 2927 3617 segmentadisttibutos
2958 3517 3159 3597 fuisse
3186 3516 3325 3598 sm-

611 3612 828 3719 gulos
868 3610 1014 3689 titu
1041 3634 1130 3686 os
1147 3664 1171 3704 ,
1233 3636 1390 3688 non
1430 3612 1534 3687 ob
1565 3636 1736 3687 cure
1777 3612 2101 3693 innuunt
2141 3616 2597 3719 interpretes,
2742 3618 2978 3697 Edisti
3004 3622 3201 3699 enim
3227 3621 3325 3699 de

612 3711 1058 3822 postulando
1086 3712 1222 3789 tria
1251 3711 1654 3815 segmenta,
1700 3710 1826 3788 seu
1869 3736 2027 3791 tres
2053 3718 2359 3809 ordines,
2441 3740 2579 3793 uos
2608 3714 2959 3799 feceritin
2990 3746 3087 3799 eo
3101 3722 3325 3801 titulo

589 3835 949 3919 praetor,
1015 3836 1344 3893 accurate
1367 3811 1716 3911 recenset
1755 3811 2115 3919 leianus
2128 3872 2151 3911 ‚
2212 3822 2265 3897 l.
2298 3846 2347 3897 1.
2430 3872 2451 3895 .
2481 3844 2531 3896 1.
2550 3844 2613 3913 3.
2640 3847 2709 3915 5.
2738 3846 2808 3915 7.
2839 3824 2935 3899 D.
2960 3822 3046 3901 de
3066 3820 3319 3927 p'ostul.

615 3920 908 3995 Omnes
950 3916 1030 3994 in
1071 3916 1224 3995 inte
1481 3915 1979 3993 restitutiones
2026 3914 2174 4006 sub„
2216 3944 2378 3997 vno·
2446 3920 2709 3999 enerali
2737 3920 2957 4000 titulo
2984 3922 3077 3999 de
3104 3924 3183 4000 in
3206 3922 3319 4001 in·-

613 4040 904 4121 tegrum
949 4016 1530 4099 restituuonibus
1576 4016 1999 4113 occurrisse,
2060 4020 2261 4098 idem
2298 4044 2375 4097 te
2438 4044 2599 4099 atur
2638 4022 2689 4101 l.
2730 4052 2780 4103 1.
2816 4028 2914 4103 D.
2938 4024 3025 4105 de
3054 4022 3213 4123 rest.
3244 4026 3323 4105 in

615 4121 748 4199 int.
843 4116 1094 4211 Vnde,
1119 4122 1306 4221 quin
1342 4118 1660 4197 totidem
1699 4116 1977 4198 fuerint
2018 4123 2177 4199 eius
2224 4122 2421 4199 tituli
2460 4117 2883 4231 paragraphi
2907 4126 3025 4205 vel
3052 4126 3323 4231 capita,

615 4240 808 4325 quot
859 4216 1126 4300 oeufl'ae
1169 4220 1672 4317 reffitutioniS,
1697 4244 1923 4299 nemo
1966 4220 2428 4307 dubitauerit.
2522 4228 2870 4332 Denique
2922 4250 2997 4308 et
3028 4228 3329 4410 tignum

3146 4356 3187 4409 e
3210 4354 3325 4409 re-
