3825 4800
640 368 827 453 aa
1370 298 2634 436 TOPOGkAPHIA

640 545 788 624 dat.
840 543 890 621 l.
920 566 1008 620 21.
1044 543 1131 620 de
1158 527 1763 644 ηιαηιιῇιιῇ.ἴυὶήιί.
1862 525 2624 720 Ηῖἷεὶέεῆὶὲῂιὶεῆέί
2655 543 2916 631 ordine
2951 541 3356 650 deleclipa-

640 673 797 724 rem
842 645 1141 748 reliquis
1187 638 1719 748 magistratibus
1753 641 1931 717 'vim
1965 667 2048 717 ac
2079 664 2258 748 pote
2326 665 2520 720 atem
2555 641 2846 724 fuerant
2901 645 3359 748 consequuti,

646 749 742 824 de
772 773 918 849 qua
950 745 1170 823 fufius
1197 747 1479 824 Arrian.
1534 744 1628 822 de
1656 743 2000 847 Expedit.
2042 745 2260 826 Alex.
2303 750 2412 826 M.
2441 745 2566 834 lib.
2595 752 2726 826 111.
2773 775 2930 854 cap.
2961 751 3062 827 V.
3115 751 3356 826 Tacit.

651 849 1055 940 Annaldib.
1082 851 1249 928 XII.
1280 874 1437 954 cap.
1466 851 1625 926 LX.
1652 867 1729 924 et
1754 843 1946 936 Hist.
1975 845 2099 926 lib.
2129 851 2184 926 I.
2219 873 2374 954 cap.
2409 850 2502 926 11.
2553 851 2875 952 Dio-lib.
2893 851 3101 929 LIII..
3190 877 3360 949 504.

652 951 1061 1042 Obtinebat
1083 951 1185 1028 ibi
1212 953 1431 1028 etiam
1462 947 1808 1052 singulare
1848 947 2306 1053 relegationis
2343 970 2572 1053 genus
2599 954 2678 1030 in
2707 950 3021 1046 Ouafin,
3119 977 3160 1028 e
3201 975 3356 1056 quo

648 1053 833 1132 infra
868 1051 997 1131 sub
1031 1054 1133 1132 O.
1182 1051 1365 1132 vid:
1392 1053 1441 1130 l.
1470 1077 1537 1144 7.
1570 1055 1636 1148 §-
1654 1079 1721 1144 5.
1764 1051 1851 1129 de
1876 1051 2134 1132 interd.
2165 1074 2236 1130 et
2259 1053 2482 1154 releg.
3385 1106 3388 1110 -

848 1157 1156 1248 AELIA
1210 1155 1878 1234 CAPITOLINA
1929 1153 2097 1230 vrbs
2141 1178 2336 1230 noua
2383 1155 2472 1230 ab
2504 1151 2726 1232 Aelio
2748 1153 3134 1247 Hadriano
3173 1179 3350 1232 con-

648 1255 890 1334 ditore
916 1258 1296 1360 adpellata,
1326 1279 1401 1332 et
1427 1256 1503 1332 in
1517 1253 1871 1359 proximo
1886 1244 2424 1360 Hierosolymis
2445 1253 2625 1350 solo,
2643 1235 2961 1358 ipsisque
2993 1247 3146 1334 fere
3164 1259 3350 1360 eius—

648 1359 833 1446 dem,
860 1360 1285 1454 ruderibus,
1312 1358 1643 1434 excitata.
1708 1357 2064 1462 Xiphilin.
2092 1359 2170 1434 in
2209 1357 2560 1437 Hadrian.
2631 1355 2844 1448 Idem
2887 1360 3231 1464 Princeps
3263 1384 3354 1437 eo

642 1461 1049 1540 deduxerat
1085 1462 1471 1539 coloniam.
1520 1459 1791 1574 Xiphil.
1835 1459 1932 1537 ib.
2017 1459 2244 1538 Vnde
2291 1461 2465 1564 post
2511 1457 2932 1550 Caesaream
2971 1459 3192 1539 altera-
3225 1465 3352 1540 Pa-

640 1565 975 1643 laestinae
1010 1565 1297 1641 colonia
1328 1561 1599 1638 dicitur
1620 1587 1701 1638 m
1738 1562 1789 1639 l.
1824 1588 1871 1640 1.
1899 1562 1966 1660 §.
1999 1571 2056 1640 6.
2089 1563 2187 1640 D.
2218 1561 2306 1643 de
2326 1561 2568 1660 censtb.
2620 1582 2634 1612 ³
2671 1563 2768 1639 Et
2797 1561 2876 1640 in
2912 1562 3080 1667 ipsis
3111 1564 3350 1640 numis

374 1654 385 1662 ’
511 1665 523 1684 '
638 1665 1083 1770 frequenter·
1140 1665 1416 1742 dicitur
1487 1687 1649 1742 cor..
1715 1689 1872 1742 AEL.
1937 1689 2566 1760 KAP1.;coL.1AEL.
2632 1685 2790 1754 cap.
2858 1665 3350 1744 cominodiana.

572 1794 580 1802 ’
638 1769 1083 1849 Vnde‘··errat
1112 1771 1212 1846 V.
1248 1769 1339 1846 C.
1370 1765 1907 1870 Harduinus‘p.
1933 1769 2079 1860 562.
2109 1787 2190 1843 et
2213 1793 2285 1872 p.
2319 1795 2400 1862 13.
2466 1766 2664 1842 dum·
2700 1768 2946 1869 priore
2994 1768 3168 1844 loco
3215 1791 3347 1844 nu-

639 1893 875 1964 mum,
904 1872 983 1947 in
1008 1892 1167 1972 quo
1186 1869 1484 1972 legitur:
1538 1877 1925 1947 K'A'HITO..
1977 1879 2135 1946 IEP.
2199 1879 2339 1948 AC.
2388 1881 2573 1962 A‘P.
2619 1865 2698 1943 id
2731 1869 2860 1964 est,
2903 1877 3080 1975 ἱεςόῐς
3124 1873 3354 1969 ἀπόλῃ

634 1974 1003 2073 ἀυτόνὸμέ,
1065 1969 1473 2076 posteriore
1529 1989 1778 2048 autem
1812 2017 1821 2026 ·
1858 1969 2081 2051 alium
2156 1995 2329 2075 cum
2403 1969 2838 2075 epigraphe:
2901 1997 3086 2050 Am..
3137 1981 3343 2050 mvn.-

639 2103 685 2156 c
704 2100 922 2153 OMM.
970 2073 1063 2152 ad
1084 2159 1095 2174 ,
1114 2071 1402 2154 Aeliam
1442 2072 1766 2149 nostram
1827 2075 1938 2152 Ca
1996 2071 2323 2151 itoIinam
2370 2073 2632 2162 refert,
2669 2077 2927 2172 'quum
2984 2094 3237 2151 tamen
3263 2085 3346 2151 ea*

632 2203 777 2256 nec
808 2179 1202 2276 σίυτονόμυς,
1232 2199 1371 2253 nec
1398 2175 1888 2278 municipium
1949 2176 2172 2268 uerit,
2211 2171 2336 2252 sed
2364 2173 2647 2252 colonia
2663 2197 2904 2352 ,ἕψε
2935 2199 3033 2250 ne
3051 2176 3165 2252 ius
3181 2177 3348 2278 quis

632 2280 805 2357 dem
822 2279 1152 2357 Italicum
1172 2277 1509 2356 habebat.
1554 2277 1604 2355 l.
1624 2303 1673 2354 ι.
1707 2279 1773 2374 §.
1795 2288 1853 2355 6.
1886 2278 1974 2355 de
2001 2275 2186 2376 cenſs
2245 2273 2475 2366 Conf.
2507 2274 2704 2356 Nar'
2735 2332 2756 2354 .
2785 2277 3089 2380 ‘Epoeh
3121 2281 3346 2379 Syro-

632 2381 918 2463 Maced.
968 2380 1145 2457 Diflt
1173 2381 1306 2457 III.
1358 2381 1545 2483 Cap.
1566 2379 1697 2455 IX.
1730 2387 1803 2481 p'.
1832 2406 1985 2473 324.
2013 2375 2214 2483 sequ.
2391 2377 2398 2382 ’
2559 2379 2596 2481 ἦ
3469 2412 3474 2418 ·

841 2482 1401 2563 AETHALIA
1449 2479 1623 2557 vide
1671 2480 2068 2557 ITALIA.
2557 2484 2568 2504 ²
2709 2484 2734 2577 f
3157 2509 3168 2525 ·
3254 2522 3279 2538 ..

690 2575 719 2639 -3-
836 2582 1221 2671 AFRICA
1266 2579 1596 2683 alioquin
1624 2581 1834 2659 tertia
1858 2580 2056 2658 orbis
2087 2580 2267 2658 olim
2303 2583 2580 2685 cogniti
2613 2608 2776 2688 pars
2793 2640 2814 2679 ‚
2843 2583 3164 2662 maxime
3184 2592 3338 2661 ine-³

624 2685 999 2780 ridionalis
1021 2739 1043 2778 ‚
1086 2706 1274 2787 quae
1318 2682 1406 2759 ab
1455 2686 1752 2785 Europa
1782 2682 1965 2761 mari
2009 2670 2544 2761 mediterraneo
2573 2708 2650 2762 et
2693 2686 2890 2785 freto
2925 2685 3338 2769 Herculem

626 2793 717 2869 ab
747 2786 911 2867 Alia
944 2789 1217 2889 exiguo
1260 2784 1545 2862 Isthmo
1588 2804 1667 2861 et
1716 2782 1870 2883 finu
1915 2784 2234 2862 Arabico
2288 2784 2706 2890 seiungitur.
2805 2790 2948 2867 Ast
2973 2786 3341 2893 speciatim

620 2896 721 2973 ita
750 2890 1023 2968 dicitur
1044 2888 1429 2993 prouincia
1458 2886 2172 2990 Carthaginiensibus
2203 2910 2526 2981 extorta,
2585 2896 2776 2993 quae
2823 2905 2858 2968 a'
2903 2888 3337 2995 septentrio-²

622 3020 721 3073 ne
763 2990 1026 3071 Africo
1070 2990 1279 3084 mari,
1332 2990 1421 3067 ab
1466 3011 1638 3067 ortu
1686 2986 1841 3065 finu
1887 2989 2190 3093 'magnae
2226 2990 2493 3088 Syrtis,
2547 3016 2584 3067 a
2618 2992 2926 3069 meridie
2961 2991 3335 3099 perpetuis

622 3096 1007 3175 montibus
1037 3148 1060 3189 ,
1108 3092 1202 3171 ab
1237 3090 1495 3169 occasu
1517 3088 1792 3171 ,Tusca
1839 3116 2054 3195 amne
2102 3090 2657 3196 terminabatur.
2783 3096 2912 3173 Est
2959 3094 3336 3199 prouincia

618 3192 797 3278 ficca
838 3194 1195 3299 quidem,
1238 3193 1466 3289 adet),
1526 3214 1613 3270 vt
1650 3214 1741 3269 et·
1771 3218 1956 3295 aqua
2011 3192 2453 3296 quibusdam
2491 3194 2570 3270 in
2607 3196 3035 3300 regionibus
3069 3197 3335 3273 venalis

615 3301 731 3380 fit:
791 3298 840 3378 J.
872 3300 1075 3395 14.'§.
1100 3304 1162 3391 3.
1194 3294 1280 3374 de
1310 3298 1507 3386 alim.
1530 3296 1659 3374 vel
1668 3296 1893 3373 cibar.
1931 3296 2070 3397 leg.
2125 3292 2246 3371 sed
2287 3294 2582 3398 frugum
2619 3320 2868 3377 tamen
2899 3298 3338 3376 feraciffima.

616 3402 844 3485 Vnde
876 3424 952 3475 et
988 3393 1317 3476 meffium
1344 3396 1755 3475 incensores
1780 3397 1879 3473 ibi
1906 3397 2191 3501 grauius
2239 3396 2503 3501 puniti,
2551 3399 2606 3477 l.
2633 3412 2724 3477 16.
2759 3402 2904 3499 §.9.
2930 3400 3131 3479 D.·de
3133 3422 3332 3503 poen.

616 3527 695 3584 et
725 3502 1043 3582 maxime
1070 3500 1403 3578 laudatur
1405 3500 1869 3605 frumentum
1881 3494 2246 3601 Africum.
2289 3499 2459 3591 l.50.
2489 3500 2555 3597 §.
2573 3526 2620 3578 1.
2639 3502 2956 3581 mandat.
3003 3505 3332 3580 triticum

613 3607 956 3689 Africum
989 3603 1383 3707 optimum.
1416 3604 1467 3681 l.
1498 3628 1617 3698 74.
1658 3606 1751 3691 D.
1778 3602 1865 3679 de
1904 3602 2082 3678 ΚΟ.
2112 3602 2163 3679 l.
2181 3626 2284 3695 75.
2313 3602 2456 3679 eod.
2555 3602 2810 3681 Paullo
2838 3605 3082 3683 ‘rarius
3127 3602 3331 3681 fuiffe
3497 3662 3519 3692 ,

611 3710 911 3787 videtur
943 3707 1221 3785 vinum.
1306 3702 1537 3783 Vnde
1552 3701 1761 3781 'susce
1821 3703 2206 3782 tores-vini
2233 3702 2332 3779 ibi
2361 3703 2876 3808 patrimoniale
2903 3730 3176 3783 munus
3207 3730 3330 3809 ge²

608 3811 885 3889 rebant.
935 3812 986 3889 l.
1028 3822 1123 3895 18.
1169 3808 1237 3905 §.
1270 3836 1330 3885 2.
1358 3807 1447 3885 de
1474 3808 1759 3885 muneri
1803 3824 1854 3883 .·
1919 3805 2162 3883 Vrbes
2204 3804 2305 3883 ibi
2357 3806 2780 3923 complures
2813 3828 2902 3885 'et
2944 3806 3322 3885 celeberri-

606 3940 805 4007 mae,
834 3914 1025 3993 inter
1054 3908 1671 4012 quas',Carthag0‚
1720 3909 1939 3989 Vtica
1979 3928 2056 3986 et
2095 3908 2390 4011 Leptis,
2435 3908 2613 3998 iuns
2647 3910 2936 3988 Italicae
2983 3910 3324 3989 coloniae

600 4014 1042 4095 eminebant.
1092 4012 1143 4088 l.
1174 4026 1238 4099 8.
1262 4013 1361 4111 ‘§.
1376 4038 1456 4093 11.
1491 4012 1589 4091 D.
1625 4012 1711 4089 de
1737 4008 1933 4129 cens·
2025 4010 2034 4017 ’

753 4116 1165 4210 >Ceterum
1202 4132 1281 4193 et
1308 4115 1490 4193 haec
1534 4134 1689 4191 erat
1718 4112 2101 4221 prohmcia
2133 4106 2424 4215 populo
2455 4110 2544 4188 ab
2573 4110 2916 4215 Augusto
2947 4110 3314 4206 attributa,

584 4223 669 4305 in
708 4232 935 4333 quam
962 4214 1277 4328 prooossl
1308 4216 1826 4314 mittebantur,
1857 4216 2107 4323 quales
2143 4208 2426 4299 Bradua
2453 4215 2830 4299 Mauricus
2845 4268 2872 4313 ,
2905 4215 2960 4296 l.
2982 4242 3060 4312 4.
3083 4205 3198 4297 'D.
3235 4216 3330 4421 ᾗ(

610 4362 659 4379 ,,
1527 4358 1537 4363 -
1723 4356 1731 4365 .
3215 4344 3252 4392 0
3303 4370 3326 4393 ⁶
3411 4350 3420 4355 .
